3220 4946
722 417 764 489 63

164 598 305 666 idMar't.
314 601 371 678 (=
384 603 431 667 10.
441 599 558 682 Mart),
579 621 596 666 θ
621 602 731 669 istulae
751 603 803 681 lX,
824 602 843 666 6
865 599 931 667 dies
946 599 980 664 V.
989 600 1029 665 id.
1044 599 1248 666 ascribendus
1265 600 1323 664 est.

164 684 444 766 Atqueepistulam
453 622 644 768 lX‚5pridie
654 685 856 762 lX,6datanr
868 704 944 762 esse,
952 685 1002 748 vel
1011 703 1050 748 ex
1058 683 1092 747 iis
1100 683 1202 767 colligi
1214 686 1326 765 potest,

209 786 248 831 ae
270 767 301 830 in
325 789 374 850 ep.
393 767 444 846 IX,
463 768 483 830 9
506 766 523 849 ἕ
548 770 562 832 1
587 768 745 848 leguntur.
787 769 963 849 Scripserat
984 766 1070 831 euim
1088 765 1197 832 Cicero
1219 767 1252 830 in
1273 785 1322 847 ep.

216 897 223 927 ,
253 851 273 912 5
302 847 358 932 §1
391 852 431 914 de
461 851 632 932 Pompeio:
681 852 734 928 ,sic
764 871 823 934 ego
853 851 962 915 decem
996 868 1156 914 annorum
1192 854 1325 932 peccata

164 933 335 997 recordans
355 981 409 998 ...
431 934 673 1008 suscensebam
695 934 750 998 sed
769 953 807 998 ea
828 933 892 997 iam
914 931 989 997 mihi
1004 931 1206 996 exciderunt:
1229 932 1325 997 bene·

165 1015 235 1079 licia
257 1015 397 1079 eiusdem
421 1015 524 1096 cogito
546 1064 553 1079 .
577 1019 622 1078 ..⁶
658 1016 709 1081 Ad
731 1035 813 1100 quae
828 1016 995 1096 respiciens
1007 1015 1131 1078 Atticus
1151 1015 1182 1078 in
1204 1033 1243 1079 ea
1264 1033 1323 1096 ep,

166 1115 263 1181 quam
289 1097 339 1161 lV.
357 1099 398 1163 id.
421 1099 566 1176 dederat,
594 1099 780 1164 laudaverat
801 1098 997 1174 Ciceronem,
1021 1098 1053 1164 id
1079 1098 1165 1179 quod
1190 1100 1326 1180 apparet

110 1207 114 1214 ·
166 1197 204 1244 ex
223 1200 272 1262 ep.
294 1181 351 1258 IX,
373 1183 394 1246 9
418 1179 437 1262 ἕ
462 1183 492 1244 1:
522 1183 617 1263 ‚quod
639 1181 765 1260 laudas,
793 1182 868 1265 quia
888 1180 1026 1245 oblivisci
1050 1200 1100 1246 mc
1119 1180 1178 1244 scri
1202 1181 1226 1244 si
1249 1184 1325 1244 ante

163 1263 248 1327 lacta
280 1268 312 1327 et
341 1264 454 1329 delicta
486 1264 586 1327 nostri
614 1263 725 1341 amici,
761 1285 821 1348 ego
852 1283 926 1328 vero
953 1263 998 1328 ita
1027 1263 1127 1327 facio.⁶
1281 1281 1324 1327 uo

164 1347 406 1493 arritum
419 1345 683 1495 mum
703 1347 902 1494 rure
921 1346 968 1494 Ξ
984 1283 1325 1494 Criu

165 1511 225 1575 dici
253 1513 394 1576 rescribit
408 1449 555 1588 delricus,
586 1532 651 1594 quo
671 1513 713 1577 ad
724 1450 779 1597 Idp
799 1477 858 1590 lli,
886 1477 905 1576 '6
926 1450 1113 1594 respdndet,
1127 1450 1241 1576 petiam
1275 1511 1325 1576 die

165 1598 239 1657 ante
261 1593 316 1671 lX,
337 1596 357 1659 6
378 1595 488 1660 datam
512 1614 595 1672 esse,
627 1595 671 1660 ita
699 1599 736 1660 ut
765 1599 797 1660 et
818 1595 860 1660 ad
881 1595 933 1672 lX,
954 1596 974 1659 5
995 1599 1029 1659 et
1048 1595 1089 1660 ad
1110 1594 1167 1672 lX,
1190 1595 1210 1657 6
1231 1593 1326 1658 tertio

165 1681 336 1759 postquam
359 1680 496 1760 utraque
516 1677 592 1740 data
614 1682 661 1742 est
682 1679 733 1743 die
741 1677 867 1743 Atticus
888 1677 1049 1755 rescribat,
1070 1678 1102 1740 id
1116 1677 1204 1760 quod
1225 1676 1325 1740 multo

164 1762 211 1822 est
233 1759 447 1837 verisimilius,
478 1779 576 1843 quam
605 1761 755 1843 postridie
782 1761 844 1826 iam
871 1761 1006 1854 utrique·
1020 1779 1094 1825 eum
1117 1759 1325 1842 respondisse.

245 1866 308 1932 Sed
329 1868 392 1930 iam
417 1871 465 1932 est
485 1867 723 1950 quaerendum,
767 1888 810 1934 uo
826 1867 877 1932 die
897 1887 948 1950 ep.
971 1866 1023 1946 lX,
1042 1867 1064 1932 4
1084 1867 1161 1932 data
1190 1867 1248 1944 sit,
1275 1867 1325 1931 cui

165 1950 294 2032 quidem
316 1950 451 2015 editores
472 1951 634 2016 ascribunt
649 1951 733 2015 diem
789 1949 957 2029 ,id.Mart.,
978 1949 1132 2032 quoniam
1149 1950 1325 2015 secundum

164 2050 275 2097 eorum
297 2032 452 2097 rationem
475 2052 513 2098 eo
535 2033 585 2098 die
606 2032 667 2098 alia
689 2034 821 2116 epistula
844 2034 920 2098 data
936 2053 1001 2098 non
1018 2037 1072 2098 est.
1102 2033 1147 2100 At
1167 2033 1232 2097 iam
1254 2033 1325 2099 inde

165 2113 207 2179 ab
230 2135 259 2178 a.
278 2115 308 2178 d.
325 2115 386 2179 Vll.
399 2115 440 2180 id.
464 2134 563 2199 usque
583 2115 624 2180 ad
647 2136 676 2180 a.
688 2117 715 2181 d.
727 2116 763 2180 V.
774 2117 816 2182 id.
836 2115 939 2182 unicui
964 2136 1004 2180 ue
1026 2115 1084 2180 diei
1106 2135 1170 2180 una
1192 2116 1326 2199 epistula

164 2197 354 2279 respondet:
372 2201 420 2262 est
441 2198 525 2263 enirn
546 2218 595 2280 ep.
612 2197 665 2276 lX,
686 2198 799 2265 iidata
820 2219 849 2264 a.
872 2199 902 2262 d.
919 2136 980 2262 le.
1002 2199 1054 2275 iu,
1074 2197 1128 2277 IX,
1150 2199 1169 2262 5
1187 2200 1254 2264 ad.
1268 2199 1327 2278 Vl,

163 2280 217 2357 lX,
235 2283 254 2344 6
274 2300 303 2346 a.
326 2281 356 2344 d.
375 2280 421 2356 V.,
443 2286 596 2364 utsupra
618 2281 872 2347 demonstratum
886 2285 942 2345 est
984 2281 1068 2345 Num
1092 2282 1186 2363 igitur
1207 2301 1255 2364 cp.
1273 2282 1326 2359 lX,

163 2363 185 2427 4
215 2363 329 2427 eodem
358 2363 423 2442 die,
461 2383 525 2448 quo
553 2365 661 2447 aliqua
694 2364 818 2438 illarum
849 2364 1073 2448 epistularum,
1108 2365 1226 2448 scripta
1260 2383 1327 2429 esse

166 2446 311 2529 putanda
340 2448 407 2510 est?
436 2445 493 2512 Vix
520 2447 730 2525 credendum,
760 2448 913 2530 quoniam
952 2466 992 2510 ne
1027 2447 1157 2511 minima
1197 2447 1326 2530 quidem

163 2529 278 2593 vocula
306 2527 459 2592 eiusmodi
482 2530 558 2612 quid
579 2529 780 2610 significatur.
831 2532 937 2613 Atque
957 2549 985 2594 a.
1008 2529 1039 2594 d.
1057 2528 1106 2593 Vl.
1131 2529 1182 2607 id,
1205 2534 1241 2594 ut
1261 2530 1328 2594 edi·

163 2616 248 2676 tores
262 2611 383 2690 volunt,
404 2631 475 2676 eam
495 2612 645 2695 scriptam
657 2632 725 2676 esse
741 2633 807 2677 non
820 2633 923 2696 posse,
941 2611 1029 2676 tacite
1041 2615 1089 2676 est
1098 2612 1327 2678 demonstrare.

164 2693 247 2758 Nam
277 2694 308 2758 iu
335 2699 477 2759 extrema
497 2695 559 2760 hac
582 2715 630 2776 ep.
654 2695 799 2776 legimus:
828 2696 863 2773 ,si
893 2695 977 2760 enim
1003 2699 1088 2759 recte
1116 2696 1327 2760 ambulaverit

164 2778 208 2854 is,
243 2777 297 2859 qui
324 2777 409 2842 banc
446 2777 615 2860 epistulam
643 2777 729 2856 tulit,
759 2779 790 2842 in
823 2779 927 2861 ipsum
958 2782 1051 2842 tuum
1084 2777 1167 2842 diem
1199 2778 1327 2842 incidit!

166 2858 287 2937 Quodsi
314 2859 406 2923 nonis
434 2859 554 2924 Martiis
584 2859 650 2928 dies
679 2860 776 2924 Attici
804 2860 923 2939 fuerat,
978 2861 1117 2924 reximus
1147 2865 1216 2926 erat
1243 2881 1271 2925 a.
1295 2861 1325 2926 d.

166 2941 215 3006 Vl.
244 2941 284 3006 id.
313 2942 362 3020 (cl.
393 2961 475 3025 quae
503 2943 570 3089 ipqe
598 2941 759 3008 Gruberus
795 2963 826 3025 p.
859 2944 896 3008 17
925 2881 976 3006 ad
993 2963 1042 3026 ep.
1072 2943 1132 3008 349
1164 2944 1326 3021 adnotat);

165 3025 286 3088 litterae
308 3045 384 3089 vero
405 3045 434 3089 a.
456 3025 486 3089 d.
551 3072 556 3084 .
580 3025 620 3090 id.
644 3025 738 3090 datae
759 3028 865 3090 Attico
886 3045 952 3090 non
971 3026 1058 3108 prius
1097 3047 1173 3091 uam
1195 3047 1223 3092 a.
1246 3029 1274 3092 d.
1291 3028 1327 3093 V.

165 3107 255 3190 reddi
276 3112 440 3190 poterant,
462 3107 587 3172 etiamsi
608 3108 778 3173 rectissime
801 3109 1029 3173 ambularetur.
1071 3047 1136 3174 dec
1157 3129 1232 3174 vero
1252 3130 1328 3174 cou-

164 3190 350 3254 sultationes
377 3191 471 3256 huius
505 3192 658 3273 epistulae
685 3189 805 3256 Graece
831 3193 967 3287 scriptae
998 3211 1070 3255 cum
1102 3193 1155 3256 illo
1184 3197 1327 3275 tempore

164 3272 248 3374 bene
278 3273 362 3375 coire
391 3273 547 3337 videntur.
600 3273 733 3376 Quaerit
762 3275 847 3379 eqim
873 3272 999 3378 Cicero:
1027 3273 1080 3351 ,Εἰ
1110 3283 1262 3378 μενετέον
1293 3278 1329 3339 ἐν

166 3355 361 3518 tractat
362 3375 672 3518 turritum
685 3357 856 3501 attat
857 3378 1087 3523 tibitibi
1095 3358 1329 3524 ultum

166 3521 271 3601 αὐτὴν
296 3529 573 3604 τυραννρυμένην;
604 3545 632 3584 ει
661 3544 728 3595 τοις
755 3543 933 3605 ευεργεταις
961 3523 1243 3603 συγκινδυνθυτέον
1267 3523 1330 3589 κᾶν

166 3606 210 3686 μὴ
240 3603 360 3666 δοκῶσι
390 3605 430 3666 ad
459 3604 704 3684 βεβουλεῦσθαι
740 3605 816 3686 περὶ
845 3607 912 3666 τῶν
941 3601 1053 3679 ὅλωνςί
1082 3642 1120 3652 -
1154 3606 1237 3685 Quid
1270 3609 1328 3673 sibi

167 3686 279 3752 volunt
301 3686 363 3750 hae
385 3687 589 3769 quaestiones
611 3689 671 3751 boc
694 3689 846 3769 tempore,
868 3705 942 3752 cunr
964 3688 1108 3753 nondum
1130 3691 1189 3753 scit
1210 3689 1329 3770 Cicero,

168 3789 342 3852 quemnam
375 3771 493 3834 exitum
526 3789 576 3833 res
599 3769 808 3835 Brundisinae
837 3771 1022 3848 habuerint,
1053 3791 1128 3835 cum
1159 3774 1329 3858 unicuique

167 3850 318 3933 epistulae
340 3851 514 3917 clausulam
536 3853 639 3930 adicit,
662 3856 845 3934 exspectare
864 3873 899 3917 se
916 3853 1002 3930 velle,
1025 3853 1102 3917 dum
1123 3855 1199 3937 quid
1222 3861 1328 3922 actum

168 3933 326 3999 Brundisii
355 3935 394 3998 sit
414 3936 546 4012 sciatur,
575 3939 644 3999 tum
674 3955 713 4000 ex
738 3955 772 3998 re
802 3940 834 3999 et
859 3955 898 4000 ex
925 3939 1069 4019 tempore
1102 3938 1266 4002 consilium
1295 3960 1329 4006 se

168 4035 237 4081 esse
259 4020 449 4096 capturum?
471 4017 582 4096 (cllll,
602 4018 637 4092 Q
660 4017 695 4091 3;
716 4018 736 4081 5
758 4016 861 4099 extu).
890 4020 933 4083 At
954 4021 1073 4101 optime
1095 4020 1329 4102 intelleguntur,

168 4101 193 4164 si
223 4119 241 4162 a
272 4099 423 4164 Cicerone
452 4104 519 4163 tum
550 4101 746 4175 scribuntur,
782 4119 856 4164 curn
887 4103 1017 4166 nuntius
1045 4101 1085 4165 de
1114 4102 1268 4185 Pompeio
1296 4105 1328 4170 in

169 4181 298 4266 Epirum
320 4181 464 4264 prolecto
485 4182 599 4247 allatus
620 4186 675 4247 θεῖ.
720 4181 787 4246 lam
817 4183 877 4248 boc
901 4183 1096 4265 significant:
1125 4184 1327 4265 ,Faciendum
