3220 4946
868 394 911 460 tu

306 569 370 652 Vll,
391 567 413 636 d
434 571 510 637 data
528 571 582 649 sit,
610 573 762 657 quoniam
794 573 845 639 illa
867 573 1017 659 Dionysio
1044 575 1232 659 perferenda
1253 573 1371 639 tradita
1392 577 1470 645 erat.

307 655 373 719 Nec
393 655 498 720 minus
519 655 722 720 manifestum
744 661 801 733 est,
822 676 895 721 eam
916 662 991 722 ante
1008 678 1057 756 ep.
1081 658 1144 736 Vll,
1166 659 1184 722 7
1206 658 1359 740 scriptam
1380 678 1469 726 esse:

307 757 384 801 nam
406 737 438 801 in
461 739 541 819 cp.5
557 735 607 819 §3
624 737 734 804 Cicero
756 740 920 804 consilium
941 740 1057 806 itinens
1078 740 1126 806 sui
1150 741 1287 824 exponit,
1308 740 1396 823 quod
1414 761 1470 807 cur

308 821 479 885 mutaverit
507 821 615 886 scribit
641 822 673 884 in
695 842 743 903 ep.
767 821 785 885 7
804 820 822 902 ᾖ
840 823 869 886 3.
926 822 981 887 llst
1013 827 1121 890 autem
1143 843 1191 906 ep.
1213 825 1243 900 t,
1265 827 1302 887 ut
1326 823 1471 902 diximus,

310 904 386 967 data
416 907 488 986 post
515 903 564 968 IV.
585 904 626 967 id.
649 902 739 980 Dec.;
768 905 936 986 epistulam
967 906 985 969 7
1015 909 1090 972 ante
1117 906 1166 970 Vl.
1188 907 1249 971 kal.
1270 905 1339 970 lan.
1361 906 1471 970 datam

311 1005 379 1050 esse
399 1005 474 1050 mox
494 986 681 1052 ostendam:
711 987 866 1052 habemus
902 988 997 1069 igitur
1019 989 1172 1072 epistulae
1191 990 1212 1054 5
1233 989 1385 1053 terminos
1403 989 1473 1055 illos

308 1068 439 1150 diestzt
457 1069 596 1132 10.—75.
606 1067 708 1148 Dec),
729 1069 774 1134 ita
791 1074 899 1135 tamen
915 1074 950 1135 ut
967 1072 1052 1136 intra
1063 1071 1148 1137 idem
1160 1072 1313 1154 temporis
1332 1072 1472 1154 spatium

289 1153 383 1219 ante
409 1169 481 1216 eam
511 1151 646 1232 epistula
671 1153 708 1230 4,
739 1152 873 1234 epistula
896 1153 913 1218 7
937 1159 1010 1236 post
1037 1173 1111 1220 eam
1140 1155 1308 1219 missa‘sit.
1353 1153 1474 1232 Quodsi

307 1237 391 1299 recte
418 1234 583 1316 epistulam
606 1235 731 1300 dcirca
760 1235 801 1299 id.
822 1235 895 1300 Dec.
917 1237 1068 1318 scriptam
1095 1257 1163 1301 esse
1181 1237 1364 1314 statuimus,
1394 1235 1473 1302 haec

308 1317 383 1398 (nec
412 1335 486 1380 non.
509 1337 559 1398 ep.
581 1317 612 1394 6)
633 1318 742 1400 paucis
772 1322 846 1400 post
871 1318 1000 1397 diebus,
1032 1321 1116 1385 circa
1146 1319 1213 1385 XV.
1236 1320 1298 1386 kal.
1320 1320 1389 1384 lan.
1411 1319 1471 1402 (=

311 1401 356 1464 16.
379 1399 466 1480 Dec.)
487 1399 564 1464 data
585 1419 652 1466 csse
668 1401 802 1466 videtur.

391 1526 444 1607 38)
466 1525 522 1591 Est
550 1527 582 1590 in
609 1547 627 1591 e
653 1525 831 1610 .V11‚7§
856 1527 889 1592 1:
919 1527 1105 1610 »Dionysius
1128 1575 1136 1590 .
1158 1577 1167 1592 .
1188 1576 1195 1592 .
1219 1527 1358 1594 Romam
1386 1528 1474 1592 venit

308 1608 375 1674 XV.
396 1609 458 1674 kal.
479 1610 548 1674 lan.
570 1613 602 1674 et
628 1547 748 1675 lltteras
779 1629 799 1674 a
824 1615 856 1673 te
883 1610 958 1673 mihi
984 1610 1157 1674 reddidit«:
1191 1613 1240 1675 tot
1268 1611 1354 1674 enim
1374 1611 1474 1675 verba

308 1696 383 1757 sunt
405 1693 445 1757 de
455 1692 605 1774 Dionysio
630 1693 662 1757 in
684 1694 818 1776 epistula
840 1695 915 1757 tua!
944 1695 1123 1775 Acceperat
1143 1693 1238 1774 igitur
1256 1692 1376 1772 Cicero,
1398 1713 1473 1757 cum

308 1775 402 1840 hanc.
414 1795 464 1859 ep.
483 1779 698 1858 componeret,
715 1776 833 1840 litteras
842 1776 948 1853 Attici,
975 1775 1142 1858 inquibus
1164 1776 1217 1841 illa
1237 1775 1335 1841 verba
1354 1777 1474 1860 scripta

309 1862 408 1922 erant.
449 1859 607 1941 Sequitur,
627 1863 662 1924 ut
683 1878 748 1923 non
769 1859 874 1922 minus
897 1858 1002 1922 triduo
1024 1859 1075 1922 vel
1097 1858 1278 1940 quadriduo
1299 1864 1421 1942 posta.
1442 1860 1473 1924 d.

308 1941 375 2008 XV.
397 1942 458 2006 kal.
476 1941 542 2006 lan.
564 1942 645 2007 haec
666 1961 713 2023 ep.
735 1941 812 2006 data
839 1942 890 2020 sit;
918 1959 991 2006 cum
1016 1960 1056 2006 ue
1082 1941 1116 2004 in
1144 1939 1164 2023 5
1186 1942 1205 2005 3
1227 1941 1368 2023 legatur:
1403 1963 1473 2023 ,ego

309 2025 462 2109 quoniam
492 2025 540 2090 lIl.
561 2043 638 2089 non.
659 2025 728 2090 lan.
750 2024 977 2107 compitalicius
993 1961 1064 2088 (dics
1091 2028 1152 2103 cst,
1184 2024 1259 2088 nolo
1288 2044 1327 2090 eo
1356 2025 1408 2089 die
1439 2025 1473 2089 in

309 2109 491 2185 Albanum‘,
521 2111 596 2172 ante
615 2108 702 2172 illum
726 2108 808 2172 diem
831 2126 881 2188 ep.
903 2107 1021 2188 scripta
1048 2106 1088 2170 sit
1112 2125 1239 2172 necesse
1260 2111 1316 2170 est.
1365 2105 1474 2185 Quare

309 2191 569 2272 Wesenbergius:
609 2191 700 2269 ,inter
731 2210 760 2254 a.
789 2190 820 2253 d.
842 2188 910 2254 XV.
933 2189 993 2253 kal.
1013 2193 1045 2253 et
1068 2188 1117 2253 IV.
1140 2208 1216 2254 non.
1238 2190 1318 2255 lanf
1369 2190 1473 2256 Paulo

308 2281 416 2340 tamen
439 2274 619 2339 accuratius
640 2278 767 2355 tempus
789 2272 999 2337 circumscribi
1022 2275 1132 2354 potest.
1185 2272 1270 2337 Nam
1287 2292 1337 2354 ep.
1361 2272 1430 2348 vlt,
1453 2277 1474 2338 8

309 2363 380 2440 post
407 2356 490 2422 hanc
519 2358 648 2421 missam
679 2376 747 2420 esse
776 2355 975 2436 cosnoscitur
1002 2373 1041 2418 ex
1076 2355 1111 2420 iis
1141 2374 1225 2437 quae
1254 2355 1286 2419 in
1313 2356 1380 2419 eius
1410 2355 1428 2436 ἕ
1456 2359 1470 2420 1

307 2444 421 2507 iterum
443 2441 482 2505 de
503 2440 652 2524 Dionysio
675 2439 837 2519 leguntur:
866 2437 960 2516 ,Quid
982 2456 1064 2518 opus
1085 2442 1155 2502 erat
1171 2438 1211 2504 de
1232 2437 1382 2521 Dionysio
1403 2443 1473 2502 tam

307 2525 400 2590 valde
419 2524 588 2588 adfirmare
606 2542 632 2586 e.
644 2543 674 2604 q.
685 2524 721 2585 s.‘
756 2519 915 2598 Quoniam
931 2524 1039 2585 autem
1060 2519 1092 2583 in
1111 2539 1160 2618 ep.
1176 2523 1197 2585 8
1218 2521 1348 2586 demum
1362 2519 1475 2587 Cicero

307 2608 460 2673 Atticum.
477 2606 642 2676 certiorem
676 2605 750 2669 facit
780 2623 814 2668 se
843 2622 916 2668 cum
939 2602 1093 2684 Pompeio
1121 2607 1238 2668 lterum
1266 2623 1473 2686 congressum
1584 2605 1585 2608 ’

308 2710 375 2755 esse
403 2711 432 2756 a.
460 2690 491 2753 d.
524 2688 570 2753 Vl.
596 2687 658 2752 kal.
684 2688 751 2752 lan.
782 2685 837 2766 (cf.
863 2684 881 2768 ἕ
909 2686 960 2764 4),
989 2689 1124 2768 apparet
1155 2687 1324 2770 epistulam
1351 2686 1369 2750 7
1396 2692 1474 2752 ante

308 2774 394 2838 illum
417 2773 501 2839 diem
522 2772 733 2852 conscriptam
759 2788 834 2833 esse.
885 2768 968 2833 Data
995 2769 1154 2849 igiturest
1180 2771 1262 2834 inter
1282 2769 1348 2834 XV.
1370 2774 1401 2834 et
1422 2770 1475 2836 VI.

307 2857 369 2922 kal.
391 2857 461 2922 lan.
482 2851 801 2935 (=1u.-us.uec.t,
823 2871 927 2933 neque
949 2851 1084 2916 multum
1106 2870 1126 2916 a
1145 2872 1221 2917 vero
1243 2852 1475 2934 aberrabimus,

307 2941 331 3005 si
351 2940 434 3004 circa
453 2939 505 3004 Xl.
526 2939 555 3002 k.
577 2937 646 3002 lan.
665 2936 721 3008 l=
745 2937 793 2999 20.
813 2933 902 3011 Dec.)
925 2954 996 2998 eam
1017 2935 1168 3016 scriptam
1187 2955 1256 3000 esse
1276 2935 1474 3016 putabimus.

309 3023 402 3103 Quod
417 3021 625 3086 confirmatur
644 3020 705 3084 hac
720 3017 967 3083 ratiocinatione.
997 3017 1137 3098 Epistula
1150 3018 1168 3081 7
1185 3016 1294 3083 Cicero
1309 3018 1472 3100 respondit

309 3107 350 3171 ad
372 3106 440 3170 illas
460 3105 557 3170 Attici
578 3105 707 3181 litteras,
729 3103 761 3166 in
783 3101 898 3183 quibus
919 3100 1071 3180 scriptum
1094 3105 1165 3165 erat
1183 3101 1368 3185 Dionysium
1390 3121 1418 3166 a.
1440 3103 1475 3169 d.

308 3189 375 3256 XV.
397 3189 458 3253 kal.
480 3188 549 3253 lan.
569 3187 709 3251 Romam
732 3186 870 3258 venisse3
892 3181 1048 3263 rescripsit
1062 3183 1186 3247 Atticus
1207 3184 1383 3267 epistulam,
1406 3205 1473 3268 qua

308 3273 493 3356 Dionysium
527 3273 639 3334 contra
666 3270 785 3333 crimen
816 3264 1047 3346 ingratitudinis
1073 3264 1256 3332 detenderet
1284 3265 1335 3344 (cl.
1360 3267 1427 3343 Vll,
1450 3269 1472 3332 8

309 3356 327 3439 Q
342 3357 389 3437 1);
411 3355 486 3418 huic
497 3353 594 3417 Attici
609 3350 764 3434 epistulae
775 3347 885 3413 Cicero
907 3347 1069 3429 respondit
1086 3349 1220 3430 epistula
1242 3349 1305 3430 vll,
1321 3350 1350 3427 8,
1371 3369 1470 3432 quarn

309 3461 338 3506 a.
354 3441 385 3504 d.
402 3439 437 3502 V.
453 3435 596 3501 kullam.
612 3434 722 3498 datam
743 3452 811 3496 esse
825 3430 1083 3495 verisimillimum
1106 3435 1163 3496 est.
1200 3431 1472 3498 Commorabatur

310 3528 417 3588 autem
441 3519 549 3585 Cicero
578 3518 611 3582 in
639 3517 747 3598 aliquo
769 3513 963 3595 Campaniae
994 3514 1142 3594 praedio,
1175 3515 1300 3580 Atticus
1331 3515 1469 3580 Romae:

309 3607 409 3670 tribus
430 3603 525 3685 igitur
546 3600 612 3664 fere
636 3599 746 3662 diebus
766 3594 920 3680 epistulae
936 3597 1063 3678 pcrt'erri
1082 3601 1241 3679 poterant.
1278 3599 1348 3663 lam
1363 3598 1471 3662 videas

309 3688 476 3753 tabellam:

309 3771 375 3838 Scr.
397 3770 521 3836 Atticus
538 3770 610 3851 post
632 3765 805 3830 adventum
828 3761 968 3845 Dionysii
990 3781 1019 3827 a.
1042 3761 1074 3826 d.
1096 3760 1176 3826 XIV.
1199 3763 1229 3838 k.
1253 3787 1293 3816 =
1319 3761 1366 3828 17.
1380 3762 1455 3829 Dec.

579 3847 699 3931 accepit
716 3845 824 3911 Cicero
844 3846 910 3910 eius
933 3863 972 3926 ep
975 3891 1294 3909 .......
1340 3848 1387 3910 19.
1411 3873 1427 3900 »

628 3929 789 4013 respondit
811 3949 859 4010 cp.
884 3926 987 4005 Vll,7
1032 3977 1039 3993 .
1186 3977 1193 3991 .
1235 3976 1242 3990 .
1286 3977 1294 3992 .
1337 3929 1428 3994 70.»

217 4027 232 4044 '
310 4036 383 4083 carn
403 4017 529 4083 Atticus
552 4015 674 4096 accepit
732 4055 1296 4076 ............
1338 4012 1390 4076 77.
1412 4034 1427 4069 ›

310 4100 468 4183 rescripsit
520 4138 1298 4164 ................
1340 4093 1388 4158 23.
1413 4113 1429 4150 a

580 4197 768 4262 responsum
790 4177 921 4241 allatum
944 4179 992 4239 est
1013 4175 1156 4252 Ciceroni
1187 4225 1194 4240 .
1238 4228 1245 4242 .
1288 4225 1297 4240 .
1338 4178 1378 4242 75
1413 4202 1429 4229 ³·

626 4262 713 4327 dedu
734 4260 842 4326 cicero
865 4279 914 4341 ep.
936 4257 1041 4337 vus
1087 4307 1094 4322 .
1138 4306 1145 4322 .
1189 4309 1196 4324 .
1239 4309 1247 4325 .
1291 4308 1298 4324 .
1340 4224 1429 4323 aul»

310 4346 443 4411 Videtur
463 4345 557 4426 igitur
577 4343 727 4426 ep.Vll,7
751 4343 828 4410 data
848 4361 915 4406 esse
935 4341 1007 4406 circ.
1023 4341 1145 4409 Xlkal.
1159 4342 1228 4409 lan.
1243 4344 1302 4426 (=
1310 4341 1469 4431 VO.Dec.).
