3220 4946
895 397 935 465 26

333 583 418 648 certe
439 599 547 646 mense
568 576 662 644 Junio
691 577 831 660 Appium
861 579 924 644 iam
954 599 1023 644 esse
1050 597 1231 659 censorem,
1259 581 1316 648 sed
1345 583 1491 667 sperabat

334 669 470 740 lantum,
492 666 528 727 ut
549 661 749 742 cognoscitur
769 681 808 725 ex
830 661 864 725 iis
883 663 1025 745 epistulis
1045 683 1125 746 quas
1147 668 1257 745 postea
1279 665 1370 735 misit.
1411 667 1490 732 Nam

332 749 490 813 ineunte
511 743 653 820 Sextili,
678 763 750 806 cum
762 743 867 826 Appio
882 745 1094 826 gratularetur
1108 745 1342 812 absolutionem
1357 750 1490 814 ambitus

334 831 399 910 (ill,
424 827 494 910 la),
526 826 602 891 nibil
627 826 666 890 de
690 845 821 890 munere
842 829 984 892 censorio
1006 828 1144 906 addidit,
1175 833 1210 892 ul
1241 828 1332 896 facile
1352 833 1491 897 conicere
1572 895 1573 906 ,

334 913 451 996 possis,
480 911 644 975 certiorem
674 928 746 972 eum
771 929 840 974 esse
862 911 981 974 iactum
1000 915 1057 974 aut
1078 911 1206 976 comitia
1229 911 1328 978 dilata
1351 935 1419 980 esse
1440 918 1493 980 aut
1572 923 1573 940 ¹

332 997 447 1060 falsum
477 993 571 1058 luisse
601 991 687 1074 quod
717 996 813 1057 antea
835 997 964 1075 putarat
985 996 1051 1057 tam
1079 998 1203 1059 mature
1223 1013 1262 1058 ea
1284 996 1429 1062 habiturn
1450 998 1492 1061 iri.

333 1079 427 1158 Quod
448 1079 551 1141 coest
571 1074 636 1138 veri
657 1073 796 1152 similius,
819 1075 894 1158 quia
916 1076 947 1139 iu
965 1075 1022 1157 'ep.
1043 1075 1092 1153 ΙΙΙ,
1117 1077 1164 1154 13,
1187 1095 1270 1160 quae
1335 1083 1365 1144 st
1385 1080 1434 1157 ΙΙΙ,
1458 1081 1492 1144 12
1572 1133 1573 1144 .

333 1163 427 1226 missa
445 1163 502 1236 est,
524 1158 639 1233 denuo,
660 1157 718 1220 etsi
739 1157 837 1238 paulo
858 1161 926 1222 tum
945 1159 1165 1236 confidentius
1188 1160 1298 1224 clausu
1310 1181 1364 1226 am
1383 1163 1491 1227 adicit:

333 1263 415 1324 ,curn
429 1241 508 1308 haee
525 1238 713 1317 scribebam,
733 1259 897 1304 censorem
920 1241 992 1306 iam
1014 1245 1044 1306 te
1062 1261 1130 1306 esse
1144 1243 1334 1323 sperabam‘.
1353 1246 1494 1328 Apparet

333 1328 416 1391 enim
432 1345 471 1390 ex
487 1323 535 1388 his
556 1321 660 1386 verbis
680 1325 765 1386 certe
782 1343 847 1386 non
871 1324 991 1388 multo
1012 1327 1086 1391 ante
1101 1324 1212 1389 datam
1229 1325 1312 1392 hanc
1327 1329 1492 1410 epistulam

332 1409 506 1474 secundum
528 1404 686 1470 Ciceronis
715 1405 895 1487 opinionem
921 1406 1063 1489 Appium
1096 1426 1258 1472 censorem
1286 1408 1407 1475 iactum
1428 1429 1493 1476 esse

333 1511 432 1574 posse.
467 1488 684 1567 Quamobrem
708 1489 775 1552 iure
797 1489 872 1552 mibi
893 1489 1018 1553 videtur
1033 1489 1073 1554 de
1094 1489 1200 1555 Boou)
1220 1492 1366 1557 statuisse
1386 1513 1493 1558 mense
1572 1503 1573 1552 3

331 1577 461 1639 demum
485 1571 591 1637 Sextili
611 1589 757 1634 censores
779 1571 855 1636 anui
876 1591 908 1635 u.
929 1591 956 1635 c.
978 1572 1040 1636 704
1061 1577 1182 1637 creatos
1203 1575 1301 1638 esset).

413 1678 584 1744 Nissenus‘J
604 1676 690 1742 aliud
712 1677 809 1740 etiam
831 1678 1061 1760 respiciendum
1078 1699 1146 1743 esse
1169 1685 1282 1744 censet.
1327 1681 1493 1765 Superiore

332 1761 417 1828 enim
440 1780 526 1826 anno
548 1761 588 1825 de
607 1760 763 1841 stipendio
784 1760 914 1842 Pompei
935 1761 1072 1826 relatum
1094 1765 1143 1826 est
1164 1783 1193 1827 a.
1205 1763 1236 1827 d.
1249 1763 1301 1828 ΧΙ.
1325 1764 1385 1829 kal.
1409 1766 1492 1830 Sext.

333 1851 381 1926 [Ξ
403 1846 453 1910 22.
477 1842 591 1922 Quint;
614 1841 653 1906 cf.
672 1843 713 1905 ad
737 1841 813 1905 iam.
836 1843 912 1922 Vlll,
933 1843 954 1906 4
975 1842 993 1924 ᾗ
1012 1843 1067 1925 4);
1087 1845 1126 1908 de
1150 1846 1263 1912 eadem
1284 1866 1319 1911 re
1340 1845 1399 1913 hoc
1416 1869 1494 1932 quo·

353 1945 392 1993 ue
413 1946 499 1992 anno
519 1927 552 1991 in
580 1929 694 1996 senatu
713 1926 829 2006 ,aetum
857 1929 920 2005 est,
952 1926 1008 1990 sed
1036 1931 1177 1992 extracta
1205 1949 1254 1993 res
1278 1949 1346 1995 esse
1369 1931 1493 1996 ridetur

329 1951 477 2076 ilurionis
499 2008 732 2082 intercessione,
762 2027 860 2090 quam
892 2010 1045 2074 remisisse
1073 2029 1146 2074 eum
1176 2012 1308 2094 legimus
1340 2014 1372 2078 in
1402 2014 1493 2080 huius

332 2115 379 2176 ep.
401 2093 491 2176 (Vlll,
516 2092 566 2172 14)
588 2090 606 2172 ἕ
627 2092 664 2155 l:
697 2090 802 2166 ,Curio
823 2096 929 2156 noster
949 2092 1108 2174 sapienter
1125 2093 1175 2171 id,
1206 2097 1292 2178 quod
1315 2096 1436 2161 remisit
1456 2099 1494 2162 de

331 2175 487 2274 stipendio
515 2175 660 2257 Pompei,
688 2172 796 2238 iecisse
820 2175 1036 2239 existimatur‘.
1085 2175 1132 2240 Ne
1155 2175 1214 2242 hoc
1236 2179 1365 2260 quidem
1385 2179 1494 2262 Langii

331 2260 472 2343 opinioni
488 2258 605 2328 lavere,
617 2257 750 2320 videtur.

414 2366 477 2430 Sed
528 2365 726 2438 rarissimum
757 2362 818 2426 boe
847 2367 911 2441 est,
944 2364 1029 2444 quod
1058 2364 1140 2428 idem
1161 2364 1340 2432 Nissenusa
1362 2371 1494 2434 monuit.

330 2449 460 2532 Scripsit
519 2448 617 2512 aelius
656 2446 688 2510 in
722 2447 786 2510 bac
813 2465 862 2528 ep.
888 2446 1030 2528 Appium
1064 2465 1227 2513 censorem
1266 2453 1420 2517 acerrime
1456 2453 1495 2518 de
1571 2463 1572 2472 ’

330 2536 460 2616 sumptu
476 2530 659 2595 tabularum
682 2532 714 2592 et
735 2529 897 2605 signorum
917 2529 1091 2593 coercendo
1104 2549 1197 2612 agere
1214 2534 1353 2616 coepisse
1373 2535 1494 2618 (prope

331 2617 445 2680 oblitus
474 2632 547 2679 sum
572 2612 658 2696 quod
686 2611 824 2675 maxime
847 2611 904 2675 luit
925 2612 1146 2676 scribendum:
1176 2616 1236 2679 scis
1257 2617 1397 2700 Appium
1421 2638 1495 2684 cen·

331 2717 436 2763 sorem
459 2717 486 2762 e.
510 2717 540 2780 q.
562 2697 620 2776 s‘).
670 2694 764 2772 Quod
788 2693 897 2759 Cicero
929 2712 970 2758 ne
998 2695 1057 2760 sibi
1085 2715 1214 2779 quoque
1234 2699 1401 2765 molestum
1426 2721 1495 2766 esse

329 2786 450 2866 posset,
472 2781 589 2844 veritus
612 2798 679 2842 esse
700 2777 843 2851 videtum
865 2797 941 2842 nam
963 2777 995 2842 in
1015 2797 1064 2860 ep.
1080 2778 1122 2842 ad
1145 2779 1269 2860 Artvl,
1291 2784 1310 2845 9
1333 2782 1352 2865 ἕ
1372 2785 1392 2847 5
1415 2787 1492 2850 satis

329 2868 439 2946 aperte
468 2882 507 2927 eo
539 2861 650 2926 nuntio
677 2879 710 2924 se
737 2864 934 2924 commotum
962 2880 1030 2925 esse
1056 2860 1226 2942 significat:
1256 2868 1301 2941 ,tu
1321 2866 1400 2930 mihi
1423 2916 1430 2930 .
1455 2917 1493 2932 ..

330 2945 504 3030 perscribes
529 2994 560 3009 ..
582 2945 623 3008 de
645 2943 836 3019 censoribus,
860 2944 1061 3026 maximeque
1082 2945 1122 3008 de
1142 2945 1247 3026 signis,
1269 2949 1393 3026 tabulis,
1416 2951 1494 3031 quid

330 3031 401 3108 fiat,
430 3028 643 3093 referaturne‘.
711 3025 855 3089 Dubitari
884 3027 977 3107 igitur
1009 3027 1132 3108 nequit,
1171 3029 1249 3110 quin
1284 3032 1390 3095 statim
1420 3038 1494 3115 post

331 3115 496 3194 acceptam
520 3110 617 3176 Caelii
636 3109 801 3191 epistulam
825 3109 865 3171 de
888 3128 926 3172 ea
947 3129 981 3172 re
1003 3107 1111 3173 Cicero
1122 3109 1265 3174 Atticum
1286 3118 1494 3195 percontatus

330 3198 383 3275 sit;
413 3203 550 3276 emaque
571 3192 708 3275 epistula
736 3191 778 3256 ad
801 3191 867 3254 Att.
890 3190 937 3266 Vl,
960 3192 980 3255 9
1007 3191 1110 3255 idibus
1132 3190 1321 3259 Octobribus
1353 3197 1430 3263 data
1453 3200 1495 3264 sit

330 3277 511 3352 Athenis
534 3275 629 3341 Caelii
651 3275 771 3338 litteras
786 3273 827 3339 ad
842 3292 983 3337 mensem
994 3274 1213 3356 Septembrem
1230 3277 1411 3344 referendas
1426 3300 1494 3347 esse

331 3379 460 3447 prorsus
482 3362 529 3423 est
550 3357 724 3422 verisimile.
1385 3397 1387 3403 ·

412 3466 495 3546 Quin
517 3467 664 3532 accurate
679 3465 752 3542 iam,
770 3483 835 3546 quo
853 3462 902 3526 die
914 3463 1020 3527 Roma
1040 3463 1155 3528 missae
1178 3464 1249 3541 sint,
1271 3467 1493 3536 demonstrare

329 3572 382 3618 me
401 3569 492 3634 posse
514 3554 599 3632 puto.
649 3547 772 3612 Scimus
800 3547 884 3609 enim
907 3566 945 3610 ex
967 3565 1015 3630 ep.
1037 3547 1078 3610 ad
1100 3547 1174 3612 fam.
1197 3546 1276 3627 XIV,
1296 3550 1316 3613 5
1338 3549 1492 3632 Ciceroni,

331 3655 404 3701 cum
427 3653 482 3716 pr.
503 3633 551 3697 id.
575 3631 657 3697 Oct.
677 3630 822 3694 Athenas
843 3629 986 3705 venisset,
1007 3629 1123 3693 multas
1144 3631 1319 3695 amicorum
1340 3633 1492 3714 epistulas

331 3739 397 3784 esse
427 3716 576 3791 traditam
609 3714 646 3778 ci.
668 3711 686 3795 ἕ
711 3714 745 3776 l:
771 3711 838 3788 ,Pn
860 3711 901 3775 id.
925 3710 993 3776 Oct.
1015 3711 1157 3776 Athenas
1188 3712 1418 3780 venimus...
1450 3719 1491 3784 de

331 3820 413 3867 uave
439 3798 626 3865 exeuntibus
648 3795 741 3860 nobis
753 3795 888 3859 Acastus
909 3813 982 3859 oum
1004 3794 1113 3859 litteris
1133 3799 1260 3877 praesto
1281 3797 1340 3862 fuit
1354 3818 1431 3864 uno
1451 3806 1493 3866 et

331 3883 523 3950 vicesimo
545 3881 619 3962 die,
639 3897 717 3944 sane
733 3881 860 3942 strenue
883 3925 889 3942 .
908 3926 915 3941 .
933 3878 1065 3959 cognovi
1088 3878 1174 3942 enim
1195 3898 1240 3942 ex
1267 3881 1490 3948 multorum

330 4020 507 4036 μ’·-

398 4105 428 4171 a)
447 4103 478 4157 In
495 4101 591 4159 libello
609 4101 653 4156 oui
669 4098 816 4174 inscripsit·
826 4096 909 4163 ,rasti
926 4096 1051 4154 censorii‘
1069 4115 1095 4168 p.
1115 4099 1156 4154 94.

397 4175 429 4242 b)
444 4172 477 4226 Ei
492 4172 674 4226 Mommsenus
691 4169 841 4225 assentitur
858 4169 936 4224 Rom.
954 4168 1069 4222 Stenius.
1083 4168 1118 4230 ΙΙ,
1139 4169 1151 4222 1
1171 4169 1259 4240 (1874)
1279 4187 1306 4239 p.
1321 4169 1382 4237 325,
1399 4167 1424 4224 2.

401 4245 429 4316 o)
448 4242 482 4299 oi.
502 4240 593 4312 Sybel,
611 4239 713 4295 Hister.
731 4238 862 4294 Zeitschr.
880 4237 929 4293 ssd.
947 4237 981 4291 46
999 4254 1025 4308 p.
1047 4237 1088 4305 69,
1107 4237 1131 4291 2.
1433 4289 1434 4296 ,
