3220 4946
868 410 909 476 34

312 589 533 672 composuerit.
597 588 743 653 Ceterum
786 588 854 651 iure
887 588 1088 654 Hotmanuus
1117 588 1299 653 Ciceronem
1336 589 1475 655 defendit

311 676 423 737 contra
456 671 656 752 gravissimas
685 671 890 734 Drumanni⁰
922 672 1131 736 incusationes
1161 691 1200 735 ex
1228 676 1377 752 corrupta
1414 671 1475 734 hac

311 755 456 820 codicum
499 755 630 818 lectione
666 753 787 834 petitas.
847 754 1014 834 Langiusl)
1046 756 1182 818 eandem
1218 755 1381 818 lectionem
1419 755 1475 818 etsi

312 839 495 902 dubitanter
512 840 638 900 secutus
656 837 769 899 mirum
784 835 816 899 in
833 837 964 902 modum
982 858 1089 902 rerum
1109 837 1253 902 ordinem
1270 837 1475 920 perturbavit.

310 920 591 984 vehementissime
614 921 723 982 autem
745 918 920 984 Bardtiustl
943 922 1074 996 erravit,
1099 940 1171 984 cum
1194 921 1476 996 vehementissime,

311 1005 461 1084 deceptus
489 1002 549 1065 hoc
571 1002 658 1078 loca,
692 1000 851 1064 Ciceronis
872 1003 968 1067 fidem
992 1004 1025 1066 in
1049 1003 1182 1068 dubium
1205 1007 1349 1080 vocaret,
1379 1006 1477 1084 atque

310 1087 341 1150 in
364 1087 428 1149 eius
450 1083 675 1147 contumeliam
697 1103 746 1148 res
768 1083 826 1147 sibi
849 1084 983 1166 tingeret
1004 1105 1133 1166 prorsus
1155 1085 1362 1149 incredibiles.

392 1191 453 1254 Sed
468 1191 531 1253 iam
548 1191 589 1254 ad
605 1190 751 1254 Bibulum
767 1192 944 1256 redeamus
968 1192 1108 1274 Apparet
1124 1212 1196 1256 eum
1213 1192 1298 1256 circa
1314 1191 1478 1255 ineuntem

310 1275 479 1338 Octobrem
504 1273 698 1354 provinciam
715 1273 854 1338 aCassio
866 1275 1035 1358 accepisse.
1066 1276 1167 1339 Paulo
1186 1278 1255 1356 post
1272 1275 1304 1338 in
1313 1275 1478 1338 Amanum

310 1358 404 1433 venit,
426 1357 481 1419 sed
502 1357 543 1419 ibi
566 1357 669 1420 minus
691 1357 772 1420 bene
793 1376 859 1420 rem
882 1359 1018 1438 gessur.
1057 1359 1207 1441 Sequitur
1225 1361 1335 1421 autem
1356 1377 1395 1421 ex
1417 1355 1478 1420 hac

310 1440 411 1504 Bibuli
427 1439 828 1520 expeditioneAmaniensi,
843 1443 879 1503 ut
892 1441 1090 1524 aliquamdiu
1114 1444 1186 1523 post
1197 1439 1296 1504 Cassii
1313 1440 1478 1504 victoriam

310 1523 417 1587 Parthi
441 1522 631 1604 quieverint3
663 1540 722 1584 nec
752 1525 859 1585 tamen
889 1543 1016 1604 prorsus
1045 1523 1192 1588 sublatus
1221 1527 1289 1586 erat
1309 1522 1478 1586 Parthicus

310 1608 414 1670 timor.
449 1604 538 1668 .Nam
561 1623 670 1668 mense
684 1603 854 1668 Februario
877 1608 1012 1686 proximi
1032 1607 1108 1670 anni
1124 1607 1210 1686 (704)
1233 1607 1264 1669 in
1279 1603 1479 1688 Cyrrhestica

310 1689 503 1764 hiemabant,
526 1689 765 1768 maximumque
787 1687 995 1768 impendebat
1014 1690 1171 1753 bettum‘t
1215 1688 1348 1785 Saepius
1366 1686 1478 1752 Cicero

312 1771 460 1853 proximis
481 1771 642 1834 mensibus
658 1770 763 1832 Attico
785 1769 824 1832 de
845 1771 983 1852 periculo
1003 1772 1154 1836 Parthico
1175 1772 1316 1853 scrips1t;
1339 1789 1479 1852 cumque

310 1856 401 1918 nonis
429 1853 527 1916 Juniis
546 1853 683 1916 Tarsum
713 1853 865 1930 venisset,
899 1855 1020 1918 audivit
1051 1875 1204 1934 magnum
1233 1873 1301 1917 esse
1332 1854 1365 1916 in
1386 1853 1479 1935 Syria

310 1937 473 2012 hellumfl,
535 1956 598 2017 quo
648 1936 760 1998 nuntio
808 1942 987 2000 commotus
1031 1958 1086 2018 per
1129 1937 1257 2001 lunium
1306 1936 1477 2000 exercitum

310 2039 404 2084 suum
424 2019 566 2101 proxime
590 2019 631 2080 ad
650 2016 789 2095 hostem,
818 2019 837 2081 i.
861 2039 887 2083 e.
908 2020 949 2083 ad
971 2019 1093 2101 Syriam
1117 2019 1246 2096 habuit,
1275 2037 1335 2082 nec
1367 2021 1478 2082 tamen

310 2102 422 2167 Bibulo
451 2101 567 2164 auxilio
593 2101 719 2164 venitsst
773 2100 877 2164 Medio
903 2121 1011 2168 mense
1039 2103 1171 2182 Quintili
1198 2124 1217 2166 a
1245 2100 1370 2166 Parthis
1398 2101 1478 2164 nihil

310 2189 373 2250 iam
396 2189 465 2248 erat
486 2184 726 2258 metuenduml‘,
746 2184 927 2258 ,incredibili
945 2185 1089 2249 felicitate
1106 2185 1357 2250 discesserant‘t.
1379 2185 1479 2247 Bibu-

310 2271 358 2334 lus
394 2272 501 2331 autem
533 2271 663 2348 propter
694 2267 834 2348 repulsos
855 2265 992 2331 Parthos
1014 2267 1133 2332 litteras
1153 2269 1290 2333 Romam
1310 2269 1411 2344 misit,
1441 2270 1479 2330 ut

310 2351 551 2433 supplicationes
573 2350 630 2411 sibi
649 2349 911 2429 decernerentur;
942 2355 1039 2433 atque
1062 2371 1258 2434 quamquam
1281 2349 1391 2414 Cicero
1409 2349 1478 2412 eius

310 2456 359 2500 res
380 2437 484 2514 gestas
505 2432 593 2495 nihili
616 2451 683 2494 esse
707 2431 881 2514 putabatll,
913 2439 1020 2497 tamen
1049 2434 1242 2516 amplissima
1270 2433 1330 2498 XX
1353 2433 1478 2497 dierum

310 2517 497 2598 supplicatio
519 2514 621 2578 Bibuli
643 2514 760 2578 litteras
782 2519 889 2578 secuta
910 2517 988 2580 est¹t
1021 2517 1112 2594 Quae
1127 2517 1254 2581 decreta
1271 2535 1338 2580 esse
1352 2516 1479 2580 videtur

310 2619 420 2665 mense
440 2597 586 2676 Octobri,
615 2616 689 2660 nam
708 2597 808 2662 Bibuli
839 2599 979 2663 victrices
1008 2599 1130 2664 litterae
1152 2601 1204 2664 vix
1235 2603 1311 2664 ante
1330 2598 1479 2680 Septem-

310 2687 399 2748 brem
419 2682 544 2744 Romae
565 2680 707 2744 redditae
728 2684 817 2754 sunt,
840 2686 871 2744 et
890 2683 992 2746 resciit
1013 2681 1123 2746 Cicero
1145 2682 1185 2744 de
1206 2684 1336 2748 decreta
1357 2682 1479 2762 suppli-

311 2767 436 2830 catione
448 2768 582 2826 exeunte
594 2762 798 2838 Novembri¹t
819 2764 956 2828 Decessit
970 2770 1077 2830 autem
1092 2765 1478 2846 sinedubioipsequoque

311 2849 441 2914 Bibulus
462 2847 502 2910 ad
527 2847 622 2922 diem,
643 2845 736 2910 idest
757 2848 886 2910 ineunte
900 2847 1028 2913 Octobri
1047 2848 1116 2926 704,
1141 2852 1212 2930 post
1236 2867 1379 2912 annuam
1402 2866 1477 2928 pro-

228 2961 234 2972 ·
309 2932 429 2996 vinciae
450 2929 765 2992 administrationem.
808 2929 901 3006 Quod
922 2950 959 2994 eo
976 2935 1023 2995 est
1043 2931 1248 3006 verisimilius,
1271 2931 1347 3014 quia
1364 2928 1477 2994 Cicero

311 3018 439 3080 ineunte
460 3012 642 3089 Decembri,
673 3031 746 3075 cum
777 3013 841 3075 iam
871 3017 952 3076 esset
980 3014 1137 3091 initalia,
1166 3015 1206 3077 de
1235 3033 1273 3078 ca
1304 3033 1338 3077 re
1361 3012 1478 3076 certior

312 3101 411 3162 lactus
430 3115 498 3158 esse
518 3095 680 3171 videtum,
702 3095 733 3158 id
757 3101 805 3158 est
825 3099 896 3178 post
916 3097 996 3160 duos
1014 3116 1149 3174 menseS,
1172 3096 1259 3178 quod
1280 3101 1327 3160 est
1345 3096 1475 3158 solitum

310 3180 460 3324 temporis
483 3178 636 3259 spatium,
663 3197 727 3259 quo
755 3179 905 3258 epistulae
934 3198 971 3242 ex
993 3179 1044 3242 illa
1065 3179 1161 3244 Asiae
1182 3183 1274 3260 parte
1296 3180 1328 3242 in
1350 3177 1474 3240 ltaliam

313 3265 434 3347 pert'ere
458 3265 561 3324 antur.

317 3399 492 3412 ...ψ’-ι·-

379 3469 407 3536 a)
425 3466 577 3518 Drumann.
597 3461 631 3527 Il,
653 3463 711 3528 120,
729 3464 771 3516 33.

378 3537 407 3606 ll)
426 3535 444 3587 l.
464 3534 483 3589 l.
502 3533 560 3586 388.
577 3533 635 3585 389.
1010 3566 1012 3568 -

378 3617 404 3662 c)
423 3603 518 3666 Bardi,
538 3600 717 3666 Ouerestiones
736 3599 889 3654 Tullianae.
916 3601 1004 3655 Berol.
1025 3603 1098 3656 1866.
1115 3621 1141 3672 p.
1162 3604 1203 3657 25.
1224 3603 1265 3654 26.

377 3676 405 3741 d)
425 3674 457 3726 cl.
479 3673 514 3725 ad
535 3673 592 3725 Att.
612 3670 645 3734 V,
666 3671 861 3739 19§4;lam.
882 3671 1064 3739 Vlll,6§4.

380 3745 408 3813 a)
425 3743 457 3806 V,
477 3742 518 3804 21,
538 3740 636 3804 23v1,
658 3740 681 3803 l,
702 3741 742 3794 14.

379 3815 406 3882 f)
425 3812 458 3866 cl.
477 3811 523 3874 VI,
542 3811 565 3874 2,
585 3811 615 3874 6;
635 3810 659 3872 3,
679 3807 708 3873 2;
729 3811 753 3871 4,
772 3809 794 3860 l.

378 3881 595 4022 {3223th
639 3877 690 4002 :Ha
711 3878 749 3940 17,
770 3877 794 3930 6.

378 4027 407 4230 {a}
426 4022 464 4214 {t
631 4061 645 4155 ‘3
664 4085 724 4150 vu,
742 4087 767 4151 a,
784 4088 800 4138 c
818 4089 848 4140 ec
866 4089 880 4139 s
901 4087 970 4138 exn.
991 4083 1026 4138 aa
1044 4083 1108 4136 ram.
1127 4081 1187 4148 xu,
1210 4083 1249 4148 19,
1271 4082 1295 4136 a.

465 4023 485 4075 t.

453 4093 486 4144 u.

452 4162 485 4212 n.

383 4232 422 4301 m)
431 4230 489 4282 Ati.
