3220 4946
881 407 922 476 14

318 588 505 739 svalt>
532 591 635 738 3„
652 589 719 738 lc·
742 587 1028 738 taracha
1045 588 1239 738 QQ
1262 591 1405 740 stru
1425 591 1476 739 t·

317 693 601 853 Laouiield'noffi}
627 693 910 854 'Eaddprofeuus
933 759 1006 853 post
1032 756 1091 820 iter
1120 757 1161 821 30
1178 695 1320 822 {dsilerum'
1342 694 1477 823 Τὲξυθιὲ

317 842 404 904 vemt
430 858 505 904 non.
527 839 612 915 lun.;
632 859 711 904 num
733 841 828 921 igitur
849 842 944 922 putas
962 837 1147 904 Ciceronem
1170 859 1224 916 eo,
1246 840 1285 904 de
1307 860 1373 924 quo
1391 859 1478 906 nuuc

317 923 442 1004 agimus
461 926 606 1006 tempore
629 922 668 986 18
682 922 793 987 diebus
814 940 881 986 non
901 921 1003 987 solum
1021 921 1107 986 idem
1122 922 1199 987 illud
1218 923 1277 988 iter
1289 924 1478 992 Laodiceam

317 1024 418 1089 usque
439 1004 622 1084 confecisse,
647 1005 702 1070 sed
731 1005 828 1069 etiam
857 1005 942 1070 ultra
974 1004 1160 1088 processisse
1183 1005 1361 1088 Ephesum,
1404 1006 1479 1071 inde

317 1086 1480 1237 ttttthQstlttuQsilzdismtilltvrtthht

318 1251 501 1318 Ciceronem
515 1190 842 1336 commovereppotul't,
860 1190 1089 1335 ulqpostquam
1104 1191 1144 1317 dd
1157 1192 1322 1335 proitgcia
1337 1255 1480 1332 decessit,

316 1355 419 1419 paene
447 1337 481 1400 in
510 1336 655 1402 ultimam
676 1337 743 1402 eius
761 1337 886 1418 partem
908 1338 1140 1400 reverteretur?
1172 1336 1360 1402 Tenendum
1385 1338 1480 1420 igitur

318 1422 376 1497 est,
398 1417 585 1484 Ciceronem
606 1438 672 1484 non
694 1420 727 1483 in
748 1418 853 1482 reditu
875 1418 1018 1501 posuisse
1039 1416 1222 1496 Quintilem,
1238 1420 1294 1484 sed
1316 1420 1481 1504 usquead

317 1501 414 1569 finem
443 1502 543 1568 annui
564 1501 704 1567 muneris
724 1500 814 1566 Tarsi
845 1501 1017 1580 mansisse,
1047 1500 1166 1565 ibidem
1193 1501 1227 1567 C.
1246 1501 1354 1568 Coelio
1380 1501 1481 1569 Caldo

316 1585 721 1734 stillicidiis
749 1583 1389 1734 tutuihsilihtshtss
1418 1586 1481 1734 Sil

318 1750 455 1816 vinciam
493 1689 685 1817 Lafodiceam
717 1686 822 1833 &ue
856 1749 1007 1814 redierit?
1039 1749 1185 1815 Proiecto
1217 1687 1481 1834 potestl'eafque

319 1833 464 1898 Grubero
495 1835 623 1917 quidem
650 1834 695 1898 ita
727 1832 831 1897 visum
853 1835 919 1912 est,
973 1832 1070 1915 uippe
1105 1832 1160 1915 qui
1190 1833 1360 1900 concludat
1389 1855 1481 1900 suam

318 1916 437 1982 itineris
459 1916 703 2000 descriptionem
724 1914 773 1980 his
793 1914 911 1979 verbis:
937 1853 1028 1978 »Lino
1052 1913 1151 2010 (Sida)
1174 1915 1364 1982 Laodiceam
1381 1917 1481 1995 rediit

316 2002 353 2064 ut
374 1998 417 2063 ab
435 1998 560 2081 Epheso
582 1999 727 2065 Athenas
745 1998 921 2063 traiceret«.
951 1996 1015 2062 Sed
1035 2015 1206 2079 quominus
1229 1999 1274 2063 ita
1294 2002 1482 2079 statuamus,

318 2081 508 2164 gravissimis
539 2081 642 2147 causis
669 2081 870 2228 impedimur.
928 2079 1071 2176 [luobus¹
1085 2079 1162 2176 locis
1189 2080 1300 2146 Cicero
1329 2082 1419 2163 dicit,
1449 2103 1483 2148 se

340 2183 491 2229 uerorum
512 2184 612 2230 causa
632 2165 706 2230 Rho
729 2182 785 2229 um
805 2163 944 2228 insulam
963 2162 1043 2226 velle
1064 2181 1208 2238 rnvrsere;
1230 2164 1270 2229 ct.
1282 2185 1332 2247 ep.
1344 2164 1387 2231 ad
1408 2166 1482 2231 fam.

317 2185 354 2325 LI,
375 2247 414 2311 17
436 2245 454 2329 ἓ
477 2247 492 2311 1
513 2250 545 2312 et
567 2248 609 2312 ad
630 2248 696 2313 Att.
716 2246 766 2325 VI,
788 2247 807 2310 7
830 2244 848 2327 ἕ
870 2246 903 2321 2;
935 2263 1133 2327 quamquam
1153 2246 1257 2329 priore
1278 2247 1349 2312 loco
1377 2248 1482 2314 addit:

319 2349 443 2414 sueque
464 2329 497 2394 id
518 2333 627 2395 tamen
650 2333 802 2394 certum«
855 2327 917 2393 Sed
941 2327 1009 2392 siue
1040 2328 1138 2393 dubio
1161 2328 1315 2408 Rhodum
1342 2333 1482 2410 accessit,

319 2413 376 2477 etsi
402 2413 442 2476 de
470 2411 531 2478 hac
552 2432 587 2477 re
607 2411 685 2477 nihil
707 2412 739 2476 in
762 2409 902 2494 epistulis
919 2413 1036 2485 exstat3
1067 2429 1144 2475 nam
1174 2411 1308 2494 legimus
1341 2413 1374 2477 iu
1402 2413 1483 2479 libro

318 2495 358 2560 de
379 2494 470 2559 claris
487 2495 706 2561 oratoribus⁰=
729 2492 831 2560 »Cum
846 2513 864 2558 e
878 2492 986 2559 Cilicia
1000 2493 1157 2559 decedens
1164 2494 1318 2559 Rhodum
1325 2495 1481 2562 venissem

318 2599 345 2643 e.
367 2599 400 2661 q.
420 2597 465 2642 s«
523 2577 695 2643 Verisimile
731 2577 826 2658 igitur
856 2577 904 2640 est
930 2573 1132 2654 Cicerdnem,
1168 2594 1242 2642 cum
1271 2577 1372 2644 Tarso
1407 2581 1483 2645 navi

319 2661 479 2743 profectus
501 2663 593 2738 esset,
613 2659 765 2726 Rhodum
786 2658 922 2725 insulam
942 2659 1073 2741 petisse;
1095 2658 1331 2742 sedquoniam,
1353 2662 1389 2726 ut
1411 2664 1481 2728 tum

318 2747 388 2809 evol
405 2743 617 2826 navigationis
636 2746 755 2818 statue,
782 2760 849 2806 non
875 2758 942 2805 uno
964 2759 1058 2807 cursu
1081 2741 1123 2806 ad
1144 2741 1229 2806 illam
1251 2743 1389 2808 insulam
1410 2764 1481 2826 per·

317 2827 425 2891 venire
433 2825 664 2973 ‘apoterlfft'tad
685 2825 799 2971 sidiam
802 2823 953 2972 malpcesisrss
954 2823 1306 2972 rtinmdequmplrnpgseptus
1327 2827 1480 2976 Rhodupln

340 2927 464 2974 errexr.
563 2928 598 2974 os
645 2928 741 2989 comp
753 2926 801 2971 un
926 2927 936 2970 1
1104 2989 1111 3004 ι
1204 2927 1241 2972 ra
1255 2927 1361 3006 ronem
1409 2929 1483 3008 rone

317 2930 499 3150 latiur,
528 3070 1063 3139 h
1081 2987 1266 3168 'rma
1284 2991 1360 3138 tu.
1381 2995 1483 3152 aa

317 3156 388 3239 §L
433 3154 533 3220 Multo
562 3159 647 3222 certe
676 3157 738 3222 hoc
767 3092 982 3250 verisimdrus,
1014 3171 1113 3236 quam
1141 3153 1228 3251 Srda·
1246 3175 1321 3221 eum
1347 3156 1484 3239 pedibus

317 3241 378 3305 iter
405 3257 462 3321 per
490 3239 687 3322 provinciam
720 3237 829 3303 iecisse
857 3237 1045 3303 Laodrceam
1072 3255 1191 3320 usque„
1220 3238 1294 3303 vnde
1321 3237 1483 3321 Ephesum

318 3340 521 3406 progressum
554 3341 637 3400 esse,
673 3320 799 3404 Epheso
830 3318 984 3384 Rhodum
1013 3317 1187 3397 traiecisse,
1217 3320 1291 3386 inde
1322 3320 1484 3405 Ephesum

319 3404 494 3481 revertisse,
511 3404 624 3469 deinde
644 3403 822 3486 protectum
838 3418 909 3466 esse
924 3401 1078 3466 Athenas.
1101 3435 1143 3456 -‚-
1164 3401 1284 3481 Quodsi
1306 3405 1483 3470 necessario

321 3487 528 3552 statuendum
549 3490 605 3564 est,
629 3505 703 3551 eum
724 3484 901 3550 Laodiceae
921 3484 1026 3560 fuisse,
1051 3484 1239 3568 priusquam
1261 3485 1294 3551 in
1317 3485 1483 3553 Graeciam

295 3573 301 3582 '
319 3591 353 3636 se
370 3570 594 3635 contulerit-
605 3587 721 3664 nempe
733 3566 918 3633 Mescinium
938 3569 1142 3664 quaestorem
1161 3568 1295 3665 iusserat
1307 3569 1484 3636 Laodiceae

321 3648 1483 3830 attitulatttthttntsthhtttlftq,tttthtltuif

320 3818 383 3885 Sed
428 3819 482 3882 uid
493 3865 509 3915 ,⁴
528 3818 553 3916 si
573 3837 647 3915 ego·
659 3835 790 3900 possum
811 3816 1049 3912 demonstrare,
1078 3834 1144 3880 non
1172 3815 1483 3913 ipsumCiceronem

322 3921 400 4049 tlt
422 3903 727 4068 ,situatur
738 3897 1482 4065 tillidiinilllrlll¹⁰alit⁰ltsplttllli

391 4164 420 4233 a)
437 4164 471 4219 ct.
490 4161 545 4218 cie.
564 4163 642 4218 Brut.
662 4165 683 4229 Ι,
704 4167 734 4230 1;
752 4163 815 4219 vide
834 4163 919 4220 etiam
937 4161 1011 4218 Plut.
1028 4160 1084 4219 cie.
1102 4163 1144 4218 36.

391 4235 422 4303 b)
440 4233 474 4290 ct.
490 4233 527 4288 ad
544 4232 608 4288 lam·
624 4233 658 4298 V,
675 4233 718 4299 20,
735 4233 760 4288 2.
