3220 4946
864 411 903 477 16

301 589 530 654 stomachosius
547 588 705 670 sponsalia
726 590 904 668 gratulatus
927 593 1012 670 erat:
1042 591 1081 656 ci.
1103 589 1122 673 9
1146 591 1182 655 l:
1216 593 1377 674 »gratulor
1403 594 1486 660 tibi

300 673 388 754 prius
411 709 449 719 -
471 674 515 738 ita
544 672 628 736 enim
656 691 764 736 rerum
790 673 870 737 ordo
889 673 1030 756 postulat
1050 710 1090 720 —
1111 673 1226 738 deiude
1247 676 1290 740 ad
1311 695 1364 740 me
1384 696 1464 743 con·

300 757 435 820 vertar«.
469 755 488 838 ἕ
509 757 545 819 l:
569 773 647 834 rego
667 774 742 818 vero
765 756 860 820 velim
879 757 955 820 mibi
976 756 1162 840 Tulliaeque
1182 775 1289 836 meae,
1317 760 1398 828 sicut
1417 764 1464 826 tu

300 840 541 903 amicissime
568 840 606 901 et
633 839 878 903 suavissime
908 845 1041 922 optaS,
1092 859 1219 923 rospere
1247 843 1463 910 evenire...

302 939 408 1004 neque
439 922 524 986 enim
557 921 676 984 tristius
703 921 807 985 dicere
832 922 1005 1004 quicquam
1034 861 1135 988 dcirco
1158 923 1198 988 de
1219 942 1258 988 ea
1280 944 1334 1002 re,
1386 945 1462 991 uam

299 1005 342 1067 tu
364 1005 447 1088 ipse
468 1003 671 1068 ominibus
691 1024 711 1069 o
749 1006 855 1068 timis
873 1007 1162 1089 prosequeris«.
1193 1005 1346 1091 Apparet,
1399 1011 1466 1093 ppii

301 1087 468 1168 epistulam
490 1086 682 1151 continuisse
704 1023 844 1170 aliquem
865 1089 1013 1152 nuntium
1035 1088 1076 1154 de
1094 1088 1216 1154 Tulliae
1247 1092 1464 1173 sponsalibus:

299 1187 359 1234 nec
385 1175 493 1236 tamen
520 1170 607 1252 prius
631 1189 728 1252 quam
756 1190 786 1235 a.
818 1171 848 1235 d.
878 1170 926 1235 lll.
947 1189 1023 1235 non.
1043 1171 1129 1237 Sext.
1159 1173 1198 1236 de
1232 1193 1270 1239 ea
1294 1193 1330 1238 re
1356 1173 1466 1242 Cicero

300 1255 413 1318 certior
430 1256 531 1320 lactus
553 1271 619 1316 esse
638 1253 772 1332 videtur,
792 1253 947 1336 siquidem
970 1253 1092 1319 litterae
1114 1273 1143 1319 a.
1165 1255 1195 1319 d.
1216 1255 1266 1320 Ill.
1280 1275 1355 1321 non.
1376 1258 1460 1324 Sext.

299 1355 319 1399 a
339 1338 422 1401 suis
441 1335 585 1401 redditae
605 1335 734 1400 luerunt
753 1336 884 1418 primae,
907 1335 1023 1418 quibus
1042 1336 1093 1402 ille
1114 1337 1245 1402 nuntius
1267 1339 1300 1404 in
1321 1338 1459 1407 Ciliciam

299 1421 438 1500 perlatus
469 1422 533 1499 est;
568 1423 764 1564 quapropter
791 1419 960 1483 verisimile
976 1419 1075 1484 videri
1096 1421 1212 1502 possit,
1233 1422 1330 1505 Appii
1353 1427 1462 1504 gratu

299 1501 392 1567 lantis
412 1501 571 1586 sponsalia
591 1501 693 1584 epistn
707 1521 760 1566 am
781 1505 892 1584 postea
910 1502 1041 1567 demum
1063 1503 1192 1568 allatam
1214 1522 1296 1569 esse:
1328 1506 1414 1588 quod
1435 1509 1461 1572 si

298 1584 342 1650 ita
369 1589 432 1664 est,
455 1584 614 1650 Ciceronis
643 1603 830 1667 responsum
869 1604 898 1649 a.
926 1584 956 1648 d.
985 1585 1033 1652 111.
1056 1604 1130 1651 non.
1153 1586 1238 1652 Sext.
1259 1588 1372 1652 datum
1396 1609 1460 1655 esse

299 1671 419 1751 nequit.
469 1669 505 1732 ld
534 1668 740 1752 quodetiam
771 1667 860 1750 sequi
889 1668 1014 1732 videtur
1039 1689 1079 1734 ex
1106 1667 1210 1732 verbis
1232 1668 1265 1751 (ἕ
1285 1670 1338 1750 di:
1379 1673 1460 1738 »dixi

298 1753 428 1815 statim
443 1750 604 1827 Servilio«,
627 1770 700 1814 curn
714 1749 805 1814 facile
819 1750 1047 1816 subaudiatur:
1071 1755 1121 1815 »et
1139 1769 1236 1816 nunc
1254 1753 1312 1817 tibi
1326 1756 1459 1820 scribo«.

298 1834 375 1898 Fieri
398 1836 487 1916 igitur
510 1837 631 1917 potest,
662 1838 699 1897 ut
724 1834 803 1898 haec
827 1834 869 1897 ad
890 1834 1032 1930 Appium
1053 1833 1188 1918 epistula
1216 1836 1311 1917 paulo
1337 1846 1410 1920 post
1430 1858 1459 1904 a.

298 1917 328 1980 d.
356 1917 405 1981 ΙΙΙ.
438 1937 513 1982 non.
541 1916 627 1981 Sext.
649 1915 767 1980 Rhodo
796 1917 900 1981 -missa
931 1920 980 1980 stt.
1036 1916 1242 2000 Quamquam
1280 1939 1338 2001 pro
1376 1926 1460 1987 certo

296 1999 452 2064 affirmari
480 1999 607 2082 nequit,
642 1998 738 2081 Appii
775 1999 944 2081 epistulam
979 2004 1051 2080 post
1087 1999 1176 2064 illum
1206 2000 1291 2065 diem
1316 2001 1460 2070 Ciceroni

297 2083 428 2148 allatam
450 2103 532 2148 esse:
566 2082 668 2164 potuit
690 2082 774 2146 enim
794 2082 917 2164 Appius
935 2083 1030 2150 etiam
1057 2085 1132 2148 ante
1164 2083 1277 2149 iacta
1302 2087 1459 2173 sponsalia

297 2166 485 2231 affinitatem
523 2165 674 2248 gratulari
704 2165 812 2247 aliquo
842 2168 1002 2248 tempore,
1038 2183 1113 2230 cum
1140 2184 1179 2230 ea
1209 2186 1260 2232 res
1292 2168 1459 2236 etiamtum

297 2249 422 2313 Romae
452 2247 656 2314 aDolabella
684 2252 716 2312 et
743 2247 926 2312 mulieribus
953 2251 1119 2330 ageretur,
1148 2249 1205 2313 sed
1233 2249 1277 2314 ita
1303 2257 1459 2332 ageretur,

296 2337 333 2395 ut
354 2333 460 2397 futura
479 2351 548 2396 esse
570 2331 728 2412 sponsalia
749 2333 934 2413 appareret:
957 2350 1059 2414 quare
1079 2335 1189 2396 utrum
1204 2331 1283 2397 haec
1300 2332 1459 2400 Ciceronis

297 2415 339 2478 ad
360 2416 501 2498 Appium
527 2413 661 2496 epistula
683 2412 779 2478 Sidae
807 2433 836 2478 a.
859 2413 889 2477 d.
910 2412 958 2477 ΙΙΙ.
980 2433 1055 2479 non.
1079 2413 1163 2480 Sext.
1182 2433 1224 2479 an
1252 2417 1349 2499 paulo
1386 2426 1459 2502 post

297 2497 404 2562 Rhodi
422 2497 600 2580 conscripta
619 2497 668 2575 sit,
689 2516 755 2560 non
776 2495 1022 2562 diiudicaverim.

379 2604 440 2687 Ep.
463 2604 514 2669 ad
534 2603 718 2668 Atticum
736 2601 788 2682 Vl,
806 2603 836 2667 6.

378 2709 508 2792 Legitur
527 2711 560 2776 in
580 2712 646 2776 eius
664 2731 713 2793 ep:
736 2709 755 2792 ὅ
778 2710 812 2774 i:
841 2709 926 2792 »Ego
954 2709 1032 2776 dum
1063 2709 1095 2774 in
1124 2710 1290 2792 provincia
1310 2713 1457 2778 omuibus

297 2795 392 2859 rebus
412 2796 553 2880 Appium
576 2813 673 2871 omo,
702 2793 805 2858 subito
824 2812 896 2856 sum
918 2793 1018 2858 factus
1039 2793 1231 2859 accusatoris
1252 2793 1318 2859 eius
1339 2815 1455 2860 socen«

295 2878 451 2944 Nuntium
474 2877 568 2958 igitur
589 2876 699 2942 Cicero
718 2879 901 2958 acceperat,
933 2875 1130 2940 Dolabellam
1164 2877 1225 2940 sibi
1256 2877 1459 2959 despondisse

297 2960 450 3039 Tulliam,
477 2961 573 3043 ipsius
601 2961 708 3025 filiam.
757 2957 819 3037 Qui
849 2959 980 3024 nuntius
1002 2957 1144 3024 Ciceroni
1173 2959 1288 3026 allatus
1311 2965 1359 3025 est
1376 2981 1405 3026 a.
1426 2961 1456 3026 d.

296 3043 343 3108 lll.
361 3064 437 3108 non.
460 3043 555 3123 Sext,
577 3063 651 3118 cum
669 3043 712 3108 ad
727 3043 836 3108 Sidam
859 3043 934 3139 navi
955 3043 1148 3138 accessisset,
1165 3041 1198 3108 id
1219 3042 1306 3138 quod
1323 3048 1456 3140 apparet

297 3126 644 3293 {irradiasti
661 3127 710 3288 tl,
726 3125 791 3274 it
811 3124 1209 3304 :ittllil'ltttttt
1230 3124 1457 3304 liram

297 3313 370 3359 earn
392 3313 458 3358 esse
480 3312 607 3369 earum,
640 3311 719 3374 quas
748 3295 858 3374 postea
882 3288 991 3354 Cicero
1016 3291 1059 3354 ad
1079 3290 1221 3355 Attrcum
1249 3291 1334 3356 misit
1361 3313 1459 3376 qnam

299 3379 338 3442 de
382 3377 523 3442 rovincia
545 3376 687 3453 decessit,
709 3374 874 3457 perspicue
896 3373 1098 3454 cognoscitur
1120 3373 1221 3453 exiis,
1242 3375 1378 3457 quaein
1400 3375 1418 3458 ἕ
1440 3376 1458 3442 3

297 3465 329 3526 et
356 3397 381 3525 Ε
409 3459 484 3524 dicit
513 3459 553 3524 de
582 3457 708 3523 Coelio:
747 3477 824 3552 »nos
852 3456 1032 3552 provinciae
1061 3456 1270 3539 praefecimus
1299 3456 1459 3524 Coelium:

299 3563 444 3627 puerum,
468 3543 589 3625 inquies
609 3561 635 3604 e.
648 3561 731 3624 qs«
772 3539 832 3604 er
852 3542 947 3619 rgrtur
968 3539 1142 3617 credemus
1164 3540 1249 3605 hanc
1267 3559 1317 3623 ep.
1336 3541 1459 3606 multo

321 3630 370 3692 ost
386 3627 536 3692 traditam
559 3624 755 3708 provinciam
777 3659 817 3668 -
839 3621 997 3687 tradenda
1016 3626 1125 3688 autem
1148 3627 1215 3688 erat
1236 3641 1266 3688 a.
1283 3624 1314 3688 d.
1333 3623 1380 3688 lll.
1398 3625 1458 3690 kal.

297 3647 383 3774 1Ceut.
401 3711 567 3774 -datam
587 3727 665 3772 esse.
702 3705 766 3771 Sed
788 3725 844 3770 cur
860 3705 955 3770 Sidae
972 3723 1002 3770 a.
1012 3705 1042 3769 d.
1053 3705 1101 3772 Ill.
1108 3724 1184 3770 non.
1193 3705 1278 3770 Sext.
1292 3705 1459 3788 epistulam

298 3794 447 3958 songiam
476 3812 542 3858 esse
560 3791 666 3856 minus
689 3790 823 3854 libenter
841 3788 1045 3866 crediderim,
1078 3807 1175 3852 causa
1196 3788 1275 3852 haec
1296 3793 1352 3855 est.
1404 3789 1460 3856 Est

296 3877 330 3940 in
391 3877 524 3940 Texta:
557 3875 615 3938 »de
636 3871 804 3937 Hortensio
832 3878 864 3936 te
894 3875 979 3936 certo
998 3871 1063 3935 scio
1084 3871 1205 3948 dolere,
1234 3872 1382 3954 equidem
1406 3893 1459 3938 ex·

298 3960 439 4025 crucior:
477 3958 639 4024 decreram
670 3956 755 4021 enim
788 3974 862 4020 cum
900 3974 938 4020 eo
967 3954 1059 4019 valde
1093 3953 1289 4018 familiariter
1323 3955 1457 4020 vivere«

299 4043 390 4122 Quae
424 4042 522 4107 verba
556 4041 633 4126 quin
669 4040 712 4104 ad
740 4039 922 4105 nuntiatam
953 4035 1114 4100 Hortensii
1142 4041 1279 4101 mortem
1307 4041 1459 4120 spectent,

299 4125 446 4208 equidem
474 4124 620 4190 dubitare
645 4143 712 4192 non
739 4141 878 4205 possum.
930 4119 1085 4186 Nuntium
1117 4138 1192 4184 vero
1222 4119 1263 4184 de
1291 4120 1459 4186 Hortensio

298 4213 426 4275 mortuo
447 4227 514 4275 non
531 4211 627 4274 antea
638 4205 746 4274 Cicero
768 4205 890 4288 accepit
912 4222 1012 4286 quam
1028 4202 1181 4272 Rhodum
1202 4203 1299 4283 venit,
1317 4203 1350 4272 id
1371 4203 1458 4288 quod
