3220 4946
716 369 756 436 27

146 553 376 617 amicorum
411 549 536 627 litteris,
570 569 650 632 quas
685 551 791 616 attulit
822 551 973 630 Acastus,
1010 551 1057 614 ad
1095 569 1210 615 arma
1232 570 1313 615 rem

146 636 363 718 spectare‘.
419 630 509 710 Quae
540 637 682 697 extrema
703 635 799 698 verba
825 635 943 715 optime
972 634 1132 717 quadrant
1157 634 1188 696 in
1218 633 1315 698 Caelii

147 717 317 800 epistulam
334 715 423 796 (Vlll,
439 714 503 796 14),
527 717 559 778 in
582 718 670 780 cuius
693 714 742 796 §a
764 717 890 797 legitur:
914 717 963 795 ,de
984 736 1110 780 summa
1131 736 1165 780 re
1187 717 1313 798 publica

147 821 242 882 saepe
263 799 320 863 tibi
341 797 450 878 scripsi
473 817 524 861 mc
546 817 687 862 annuam
705 818 816 880 pacem
835 818 900 863 non
917 800 1031 876 videre,
1056 803 1087 862 et
1102 818 1167 880 quo
1183 800 1312 880 propius

146 903 184 948 ea
204 882 429 956 contentio
450 898 564 962 quam
587 881 678 945 lieri
702 901 872 946 necesse
895 887 965 955 est,
986 881 1116 959 accedit,
1138 901 1175 946 eo
1199 882 1312 946 clarius

145 967 178 1030 id
197 965 373 1047 periculum
396 967 528 1044 apparet
551 1010 581 1025 ..
605 1011 612 1024 .
634 966 677 1027 sic
701 965 741 1028 illi
762 984 887 1028 amores
908 969 940 1028 et
961 965 1116 1028 invidiosa
1134 965 1313 1029 coniunctio

145 1069 210 1114 non
233 1047 273 1112 ad
299 1046 457 1111 occultam
486 1046 597 1110 recidit
617 1046 897 1124 obtrectationem,
925 1047 980 1110 sed
1011 1047 1061 1111 ad
1089 1047 1243 1111 bellum
1273 1067 1312 1110 se

146 1131 272 1214 erupit‘
314 1129 386 1208 Quo
408 1129 510 1208 magis
532 1128 610 1191 mibi
631 1135 679 1192 est
702 1149 890 1212 persuasum
911 1127 1006 1193 luisse
1028 1129 1124 1194 Caelii
1145 1130 1313 1211 epistulam

145 1216 226 1279 inter
241 1232 304 1288 eae,
318 1231 398 1294 quas
413 1231 461 1291 pr.
470 1211 510 1274 id.
520 1209 588 1275 Oct.
599 1211 737 1308 Acastus
748 1213 853 1276 attulit
863 1212 1037 1276 amicorum
1050 1213 1177 1276 litteras.
1205 1213 1312 1306 Atque

145 1295 1312 1458 111111ξὲ11,1111111122,111111111351111

145 1463 193 1526 23.
212 1459 323 1542 Sept),
345 1459 462 1542 quippe
485 1479 548 1540 quo
571 1459 621 1522 die'
641 1460 824 1524 tabellarius
846 1461 903 1524 iter
926 1461 1084 1540 ingressus
1104 1462 1152 1524 sit.
1185 1458 1312 1541 Optime

144 1546 238 1626 igitur
265 1543 436 1618 sehabet,
467 1542 553 1622 quod
588 1561 685 1623 supra
718 1543 935 1624 exposuimuS,
968 1543 1134 1624 epistulam
1157 1542 1241 1621 VIII,
1272 1545 1312 1606 ll

144 1631 217 1710 post
238 1625 330 1689 ludos
341 1623 504 1709 Circenses
521 1625 631 1688 datam
653 1646 738 1706 esse,
764 1630 861 1708 atque
882 1626 946 1690 iam
969 1626 1039 1689 licet
1059 1626 1161 1707 ipsam
1183 1646 1311 1708 quoque

145 1709 314 1792 epistulam
324 1707 449 1783 vluna
468 1708 561 1770 certis
584 1709 724 1772 terminis
746 1709 1010 1773 circumscribere.
1053 1709 1135 1772 Nam
1160 1711 1311 1791 quoniam

145 1795 175 1856 in
199 1812 235 1856 ea
258 1791 405 1854 ludorum
425 1789 645 1853 Romanorum
670 1791 707 1854 nt
729 1793 864 1869 montle,
896 1811 969 1856 cum
999 1795 1073 1855 ante
1102 1812 1150 1873 ep.
1173 1790 1248 1869 Vlll,
1273 1792 1313 1855 14

145 1893 273 1938 necesse
294 1873 335 1936 sit
357 1892 429 1936 eam
450 1873 600 1954 scriptam
623 1893 700 1951 esse,
721 1873 879 1937 habemus
900 1875 1049 1938 terminos
1071 1893 1116 1955 pr.
1135 1894 1211 1937 non.
1224 1873 1310 1956 Sept.

145 1957 321 2022 ervilia
344 1953 412 2019 Oct.
443 1956 501 2036 (ε
525 1956 646 2019 4.-23.
667 1956 798 2038 Septrt
849 1957 914 2020 lam
940 1958 980 2020 de
1009 1957 1143 2038 epistula
1163 1957 1241 2034 Vlll,
1274 1959 1313 2021 14

144 2061 197 2104 me
229 2042 272 2103 ita
300 2038 481 2119 exposuisse
504 2056 614 2119 spero,
644 2043 681 2102 ut
708 2039 827 2102 nemini
850 2039 982 2102 dubium
1006 2059 1072 2102 esse
1092 2040 1204 2120 possit,
1235 2041 1309 2121 quin

146 2143 254 2187 mense
283 2121 461 2202 Septembri
489 2120 564 2184 data
599 2121 645 2184 sit.
705 2122 787 2186 Nam
819 2121 904 2204 quod
933 2127 1156 2202 argumentum
1189 2123 1312 2185 disertis

145 2206 250 2270 verbis
270 2204 409 2284 Longius
430 2203 522 2266 affert
544 2203 585 2266 ad
607 2223 699 2267 suam
722 2205 914 2268 fulciendam
938 2205 1136 2286 opinionem:
1165 2203 1246 2268 »Cia
1269 2205 1310 2286 ad

143 2290 220 2352 farn.
234 2287 310 2363 VIII,
334 2287 389 2348 ll:
411 2285 615 2366 geschrieben
637 2287 725 2350 nicht
747 2288 788 2350 im
812 2287 1011 2368 September,
1033 2307 1070 2350 zu
1093 2287 1230 2350 welcher
1244 2287 1312 2350 Zeit

144 2391 218 2435 man
243 2371 334 2432 einen
356 2368 579 2447 Partlrerkrieg
602 2369 689 2432 nicht
709 2371 801 2432 mehr
823 2371 989 2447 liirchtete,
1013 2369 1152 2433 sondern
1173 2372 1216 2433 im
1238 2371 1310 2434 Juni

145 2456 222 2518 oder
245 2453 375 2531 Ant'ang
396 2451 474 2514 Juli«
502 2486 543 2496 —
571 2451 602 2514 id
638 2457 722 2515 certe
756 2471 819 2515 non
849 2453 895 2516 ita
923 2458 970 2515 est
1001 2455 1239 2534 comparatum,
1275 2456 1310 2516 ut

145 2540 260 2601 contra
280 2537 421 2596 nostram
444 2535 753 2614 argumentationem
767 2536 880 2598 valeat.
909 2534 1038 2617 Spectat
1051 2539 1159 2598 autern
1172 2536 1309 2614 Langius

145 2621 186 2685 ad
209 2622 351 2682 extrema
371 2616 525 2697 epistulae
545 2616 658 2680 verba:
682 2619 732 2695 ,ad
754 2637 925 2694 summam,
947 2619 1083 2700 quaeris
1101 2619 1177 2699 quid
1199 2623 1309 2700 putem

143 2706 304 2769 futurum:
341 2700 365 2761 si
399 2699 549 2763 alteruter
578 2698 619 2762 ad
648 2699 834 2764 Parthicum
865 2701 984 2764 bellum
1015 2720 1079 2764 nou
1111 2705 1178 2778 eat,
1216 2702 1308 2765 video

144 2783 277 2865 magnas
294 2783 476 2864 impendere
496 2779 668 2846 discordias
688 2784 743 2862 (sc.
760 2785 841 2847 inter
856 2782 1026 2848 Caesarem
1045 2787 1077 2846 et
1088 2782 1308 2866 Pompeiuml‘.

143 2865 388 2934 Coracedendum
430 2868 476 2928 est
514 2865 644 2928 ineunte
677 2866 769 2929 Junio
807 2884 959 2946 magnum
996 2865 1029 2934 in
1062 2865 1151 2947 Syria
1189 2866 1307 2930 bellum

143 2950 270 3024 fuissell,
291 2948 378 3030 quod
401 2947 564 3010 Imminere
581 2947 682 3010 multo
694 2952 768 3011 ante
783 2947 924 3029 plurimis
943 2948 1017 3013 locis
1029 2947 1137 3013 Cicero
1151 2950 1307 3032 suipsius

143 3031 381 3100 concedendum
415 3031 509 3094 etiam
546 3032 592 3093 est
638 3035 713 3094 ante
749 3029 898 3094 Sextilem
932 3030 1113 3106 ,incredibili
1151 3032 1306 3097 lelicitate‘

142 3119 268 3182 bostem
299 3114 361 3177 iam
395 3111 612 3188 discessisse
649 3113 704 3176 sed
734 3117 888 3177 venerant
916 3113 1026 3178 Parthi
1056 3113 1117 3177 hoc
1145 3134 1244 3193 ann0,
1272 3121 1307 3180 ut

142 3199 303 3282 superiore
326 3199 496 3270 venerant,
526 3196 732 3259 discesserant
753 3199 787 3259 ut
810 3197 970 3277 superiore
991 3197 1115 3274 ann0²);
1134 3198 1209 3278 quid
1232 3219 1306 3263 vero

142 3303 196 3347 eos
221 3278 413 3360 impedIebat
428 3279 598 3358 quominus
621 3279 779 3342 redirent?
801 3277 929 3342 Minime
952 3278 1073 3344 finitum
1097 3284 1167 3343 erat
1188 3280 1306 3344 bellum

142 3365 325 3431 Parthicum
356 3364 387 3423 et
409 3359 511 3423 Crassi
540 3381 626 3424 mors
654 3361 819 3425 etiamtum
843 3362 1033 3426 ulciscenda.
1091 3363 1189 3426 Recte
1213 3364 1307 3442 igitur

157 3525 334 3533 ..n—...—

210 3613 237 3678 a)
254 3609 387 3676 Quoniam
407 3609 579 3664 circenses
598 3613 727 3667 extremis
747 3614 857 3667 lantum
875 3611 1003 3666 ludorum
1011 3611 1197 3666 Romanorum
1208 3607 1305 3662 diebus

141 3679 279 3733 dabantur
303 3681 347 3748 (erl
367 3698 392 3734 a.
413 3681 439 3734 d.
458 3679 529 3734 XVI.
548 3682 582 3734 ad
609 3699 634 3735 a.
660 3683 685 3738 d.
707 3683 767 3736 XII.
787 3683 842 3735 kal.
862 3681 948 3748 Oct),
974 3681 1131 3735 accuratius
1154 3679 1238 3732 ctiam
1263 3695 1304 3746 ep.

141 3748 275 3886 {111312
294 3749 421 3819 compelli
439 3752 530 3818 potest
548 3751 620 3804 inter
638 3768 661 3805 a.
682 3753 707 3805 d.
725 3752 798 3805 XVI.
818 3756 847 3805 et
865 3750 936 3804 VIII.
957 3751 1012 3804 kal.
1031 3751 1089 3805 Oet.
1108 3752 1162 3818 (::
1187 3748 1305 3801 15.-23.

162 3837 176 3873 e
198 3822 239 3872 t..

177 3837 241 3945 pbl
260 3885 293 3940 cI.
312 3889 346 3941 ad
366 3888 424 3941 Alc.
444 3887 492 3952 VI,
512 3889 536 3953 4,
557 3889 579 3940 1.

211 3957 237 4024 c)
256 3957 289 4010 cf.
307 3958 342 4010 ad
359 3959 418 4010 Att.
437 3957 470 4022 V,
489 3959 531 4021 21,
550 3959 577 4022 2;
597 3956 644 4021 VI,
664 3959 687 4019 1,
708 3956 751 4022 14;
768 3957 792 4028 2,
811 3959 842 4026 6,
861 3958 886 4022 3,
906 3958 930 4012 2.

211 4026 240 4094 d)
261 4026 294 4080 of.
313 4028 348 4080 ad
367 4029 426 4081 nu.
445 4026 491 4091 VI,
507 4029 532 4091 6,
546 4026 571 4082 3.

211 4097 235 4162 e)
256 4095 290 4147 cf.
311 4096 346 4148 ad
362 4095 421 4150 All.
440 4097 473 4164 V,
494 4097 533 4162 18,
554 4098 582 4160 13
601 4095 643 4160 20,
661 4095 678 4147 2
696 4095 768 4159 ela
786 4095 828 4159 21,
846 4095 871 4150 2.

195 4214 343 4265 (Sternkopl).
