3220 4946
867 363 909 430 16

314 543 440 622 venire,
465 545 502 610 ut
527 543 570 609 ibi
597 543 745 610 dilectum
768 543 972 610 adiuvareta
1021 541 1123 609 Paulo
1145 545 1232 625 post,
1255 559 1284 608 a.
1306 543 1338 608 d.
1358 543 1409 608 IV.
1430 542 1472 621 tc,

315 627 423 692 Tironi
437 631 546 710 aperte
557 628 649 693 dicit:
671 646 741 708 ,ego
748 626 855 690 adhuc
870 646 946 692 orae
957 627 1136 692 maritimae
1143 644 1293 708 praesum
1303 626 1471 691 aFormiis.

313 709 437 774 nultum
457 711 559 775 maius
580 711 741 791 negotium
765 709 923 793 suscipere
943 710 1045 787 volui,
1074 726 1139 790 quo
1170 709 1240 790 plus
1271 710 1356 790 apud
1384 709 1471 773 iilum

313 791 508 872 (Caesarem)
531 812 624 858 meae
645 792 768 856 litterae
789 791 1089 876 cohortationesque
1102 790 1144 855 ad
1160 811 1271 874 pacem
1286 793 1470 856 verterenet*

311 873 359 940 De
379 894 417 939 ec
441 874 536 956 igitur
557 874 696 940 dubitari
716 874 842 956 nequit,
869 875 947 958 quin
969 894 1045 941 orae
1072 874 1251 938 maritimae
1282 875 1471 956 praesidium

271 1007 275 1027 .
313 955 421 1023 Cicero
441 957 473 1022 in
492 977 526 1022 se
547 957 734 1040 susceperit3
787 957 1102 1023 uareaonntendum
1124 960 1171 1021 est
1193 957 1338 1022 consulto
1358 975 1431 1022 eum
1452 977 1473 1023 a

312 1059 389 1104 vero
408 1040 572 1106 deflexisse
592 1041 625 1105 in
641 1060 690 1123 ep.
711 1040 754 1104 ad
802 1039 970 1119 rebatium,
993 1039 1136 1106 Caesaris
1152 1040 1301 1116 amicum,
1325 1040 1411 1116 data,
1433 1040 1473 1105 de

313 1142 377 1206 qua
403 1141 434 1188 a.
463 1123 493 1187 d.
522 1122 572 1188 IV.
599 1141 675 1188 non.
698 1122 789 1187 Febr.
831 1122 939 1188 Attico
967 1124 1000 1188 in
1025 1144 1075 1207 ep.
1096 1121 1165 1199 Vll,
1197 1123 1233 1188 17
1262 1119 1324 1203 §4
1351 1123 1472 1188 scribit:

313 1205 465 1288 ,rescripsi
486 1206 528 1270 ad
549 1203 733 1270 Trebatium
756 1251 764 1266 .
787 1253 794 1268 .
818 1223 870 1269 me
894 1254 900 1268 .
923 1254 930 1269 .
951 1205 983 1270 in
1006 1205 1142 1287 praediis
1159 1206 1236 1269 meis
1254 1225 1339 1281 esse,
1368 1225 1472 1288 neque

313 1287 459 1353 dilectum
494 1288 594 1352 ullum
635 1307 739 1371 neque
774 1289 934 1368 negotium
967 1289 1159 1370 suscepisse:
1191 1289 1222 1352 in
1251 1307 1315 1372 quo
1344 1288 1471 1370 quidem

311 1371 450 1436 manebo
471 1371 549 1436 dum
570 1389 641 1453 spes
662 1371 749 1453 pacis
771 1370 848 1434 erit‘
903 1370 1093 1452 Susceperat
1118 1372 1297 1451 negotium,
1328 1370 1382 1434 sed
1406 1372 1472 1436 eins

313 1452 397 1518 modi
415 1454 594 1534 negotium,
619 1453 706 1536 quod
727 1452 850 1516 nultum
873 1471 941 1518 esse
961 1455 1059 1519 videri
1082 1456 1204 1534 posset,
1249 1455 1300 1518 uia
1324 1473 1379 1535 per
1398 1453 1473 1519 iliud

311 1538 447 1602 otiosum
467 1555 535 1600 esse
555 1536 650 1600 licuit.
677 1535 772 1601 Hunc
792 1536 825 1600 in
847 1535 978 1601 modurn
993 1557 1031 1602 ea
1046 1535 1143 1602 verba
1161 1473 1371 1618 inteflegenda
1388 1542 1473 1615 sunt,

313 1639 396 1703 quae
413 1619 445 1683 in
468 1619 590 1703 elei,
612 1618 652 1684 16
676 1617 725 1702 §2
745 1619 908 1698 teguntur:
932 1639 1001 1700 ,ego
1024 1640 1075 1686 me
1096 1620 1210 1684 ducem
1233 1620 1262 1683 in
1288 1619 1370 1684 civili
1391 1619 1473 1686 bello

311 1702 420 1786 quoad
440 1702 480 1766 do
502 1721 581 1785 pace
601 1706 749 1783 ageretur
769 1701 883 1782 negavi
904 1705 992 1766 esse.⁸
1024 1703 1108 1768 Nam
1119 1701 1232 1766 eodem
1244 1700 1310 1768 fere
1322 1705 1474 1784 tempore,

312 1805 376 1868 quo
398 1784 476 1850 baec
497 1785 614 1868 scripta
635 1788 720 1861 sunt,
743 1783 877 1866 epistula
899 1783 973 1861 vlu,
997 1785 1085 1862 11,ss
1107 1784 1150 1848 ad
1171 1784 1357 1868 Pompeium
1380 1785 1475 1850 missa

311 1872 368 1945 est,
390 1867 423 1932 in
436 1868 524 1932 errius
539 1865 582 1949 §1
598 1867 643 1933 sic
656 1867 786 1954 tegitur}
809 1884 878 1943 ,nos
899 1867 1005 1932 adhuc
1026 1869 1059 1934 in
1079 1887 1118 1933 ea
1138 1886 1205 1945 ora,
1228 1869 1279 1934 cui
1299 1887 1377 1951 prae
1420 1867 1472 1932 siti

312 1968 438 2026 sumus,
469 1950 513 2014 ita
546 1950 662 2014 fuimus
699 1953 734 2014 ut
771 1967 886 2014 navem
919 1953 1067 2033 paratam
1099 1949 1311 2015 haberemus‘
1406 1968 1473 2033 qua

312 2033 445 2115 epistula
469 2033 545 2097 satis
571 2033 706 2096 verbosa
732 2032 828 2097 etiam
857 2032 976 2116 optime
1001 2032 1078 2098 iliud
1107 2037 1258 2178 apparet,
1288 2032 1475 2099 Ciceronem

313 2115 443 2180 omnino
462 2115 539 2180 nihii
558 2114 667 2196 egisse,
690 2135 755 2198 quo
770 2114 902 2198 Pompei
924 2119 1030 2197 partes
1052 2115 1220 2200 compecti
1241 2119 1347 2198 posset
1360 2115 1474 2180 videri:

252 2240 255 2247 -
311 2217 351 2264 ne
380 2197 529 2263 dilectum
558 2196 687 2279 quidem
709 2196 838 2280 Capuae
868 2197 1004 2274 adiuvit,
1036 2198 1123 2281 quod
1152 2217 1226 2263 eum
1255 2199 1376 2264 iussum
1405 2218 1474 2262 esse

312 2280 416 2346 facere
447 2280 639 2361 aPompeio
667 2299 764 2363 supra
784 2279 928 2358 diximus.
978 2279 1128 2346 Videmus
1160 2281 1254 2363 igitur
1286 2280 1474 2347 Ciceronem

334 2383 369 2428 er
397 2381 493 2428 omne
522 2362 598 2426 iliud
625 2366 750 2444 tempus
765 2361 849 2427 inde
875 2382 896 2427 a
917 2363 1026 2428 relicta
1048 2365 1126 2429 urbe
1146 2363 1307 2447 usquead
1328 2363 1472 2428 relictam

311 2384 434 2511 flottam
464 2445 552 2510 nulio
578 2443 641 2510 alio
668 2444 795 2526 negotio
826 2444 972 2511 functum
1001 2465 1068 2510 esse
1100 2446 1161 2512 nisi
1192 2447 1364 2528 praefuisse
1397 2466 1473 2511 orae

312 2529 505 2606 maritimae,
532 2528 739 2611 quodquam
759 2527 837 2591 nihii
860 2525 953 2593 fuerit
974 2545 1069 2593 nemo
1091 2547 1157 2594 non
1175 2528 1334 2612 intellegit.
1375 2527 1472 2606 Quod

308 2613 333 2676 si
355 2613 399 2675 ita
420 2615 485 2687 est,
517 2610 612 2692 paulo
643 2615 718 2674 ante
747 2609 920 2674 discessum
952 2609 994 2675 ab
1020 2612 1100 2676 urbe
1126 2610 1175 2675 vei
1207 2615 1313 2708 potius
1338 2611 1371 2676 in
1401 2613 1469 2694 ipso

308 2695 445 2758 discessu
466 2691 611 2776 Capuam
633 2696 729 2758 antea
749 2695 913 2774 sumptam
934 2711 955 2756 a
973 2711 1007 2757 se
1029 2693 1168 2759 reiecisse
1184 2694 1317 2772 videtur,
1339 2694 1380 2758 de
1425 2713 1468 2759 ua

307 2795 343 2841 re
363 2780 498 2842 exeunte
520 2774 692 2840 Februario
721 2775 828 2839 scribit
851 2775 893 2840 ad
921 2775 1025 2858 ipsum
1045 2777 1233 2859 Pompeium
1263 2778 1295 2842 in
1317 2797 1366 2858 ep.
1390 2713 1467 2854 t9sst,

311 2861 367 2936 11,
394 2858 422 2922 D
449 2856 528 2940 gb:
562 2860 710 2936 ,maxime
734 2857 846 2922 vetlem
875 2859 1014 2940 primurn
1039 2879 1164 2942 semper
1191 2863 1297 2924 tecum
1327 2859 1466 2938 fuissem,

308 2941 397 3026 quod
424 2941 551 3023 quidem
575 2940 629 3004 tibi
652 2939 868 3018 ostenderam,
898 2959 972 3005 cum
998 2961 1018 3006 a
1046 2961 1098 3006 me
1119 2941 1261 3022 Capuam
1282 2942 1466 3018 reiciebam;

309 3022 1467 3191 sarraceniscaarrasa,sirucrana

312 3190 503 3272 imparatam
523 3106 670 3270 Capuam
692 3234 699 3252 .
720 3236 728 3251 .
751 3235 759 3252 .
779 3153 920 3270 adaipere
941 3189 1026 3254 nolui
1047 3209 1073 3254 e.
1097 3210 1127 3272 q.
1148 3191 1212 3254 ψ)
1365 3154 1373 3185 ’

394 3293 543 3360 Ceterum
564 3293 652 3377 quod
672 3294 717 3360 ita
730 3293 839 3360 Cicero
860 3313 894 3358 se
915 3296 1009 3376 gessit
1031 3295 1177 3378 -quod
1197 3315 1262 3360 non
1284 3295 1368 3361 solus
1389 3295 1470 3376 iecit,

312 3378 368 3442 sed
390 3378 466 3442 satis
489 3377 578 3440 multi
601 3396 676 3441 cum
698 3395 737 3441 eo
756 3381 918 3440 senatores
940 3411 980 3421 -
1005 3396 1071 3442 non
1093 3378 1187 3442 nimis
1207 3379 1235 3444 ei
1255 3378 1378 3444 crimini
1399 3399 1469 3445 ver-

311 3461 445 3525 tendum
467 3465 522 3524 est.
570 3458 682 3541 Neque
703 3458 788 3524 enim
807 3458 946 3523 dubitari
968 3459 1077 3539 debet,
1105 3460 1182 3542 quin
1210 3481 1244 3526 re
1266 3479 1341 3526 vera
1361 3461 1469 3528 Cicero

313 3543 473 3626 putaverit
502 3561 537 3606 se
557 3561 624 3606 esse
646 3541 841 3624 aptissimam
862 3560 1034 3624 personam
1055 3543 1098 3608 ad
1120 3562 1231 3626 pacem
1253 3545 1472 3611 concordiam·

313 3627 486 3709 quainter
513 3623 682 3689 Caesarem
711 3629 743 3690 et
770 3623 959 3706 Pompeium
988 3625 1269 3690 reconciliandam:
1308 3626 1360 3692 illo
1387 3630 1471 3711 pacis

313 3709 418 3774 studio
441 3713 539 3790 atque
560 3725 671 3776 amore
685 3707 810 3790 patriae
824 3706 983 3772 adductus
993 3711 1050 3787 est,
1071 3713 1108 3773 ut
1123 3708 1238 3773 ducem
1256 3708 1330 3774 beiti
1350 3729 1385 3774 se
1405 3731 1472 3777 esse

314 3845 505 3858 ιιι-...-

381 3914 409 3981 a)
426 3911 460 3966 ci.
478 3909 539 3976 VII,
560 3910 591 3964 14
608 3909 625 3978 5
643 3909 667 3962 2.

381 3981 410 4051 1))
429 3981 462 4036 ci.
481 3981 517 4034 ad
533 3979 599 4033 iam.
618 3978 691 4043 XVI,
711 3978 751 4044 12,
769 3979 793 4034 5.
1177 4001 1184 4013 ’

381 4055 408 4116 o)
426 4049 475 4104 aa
492 4047 592 4104 tertius
611 4049 645 4102 de
663 4047 716 4102 hac
732 4065 762 4102 re
780 4048 866 4109 iocus,
890 4045 938 4100 aad
957 4043 1006 4114 qui
1026 4043 1106 4100 vaide
1126 4048 1272 4124 corruptus
1289 4045 1423 4113 traditur,
1442 4047 1474 4103 in

315 4120 413 4190 epod
434 4117 595 4182 savin,
619 4117 636 4172 3
660 4118 719 4187 §Aa
762 4115 806 4170 Ibi
828 4131 878 4184 pro
902 4130 935 4169 eo
959 4113 1032 4182 quod
1057 4117 1112 4169 est:
1135 4131 1171 4178 ,ιιι
1195 4117 1224 4170 ta
1246 4115 1321 4184 cepit
1340 4118 1473 4186 Capuam¹

314 4187 419 4244 conicio
436 4187 584 4258 legendum
602 4201 673 4240 esse:
692 4186 765 4252 ,hmo
781 4182 864 4240 reieci
883 4183 1022 4253 Capuam!
