3220 4946
707 420 748 488 ὅ

142 601 331 686 ep.Vlll,1A
351 600 486 684 respicit,
506 621 579 666 cum
595 600 685 666 dicit:
705 621 813 684 ,prope
833 601 949 668 oblitus
968 621 1040 668 sum
1060 604 1147 687 quod
1168 603 1306 674 maxime

142 685 202 750 luit
221 686 441 754 scribendum:
464 685 523 749 scis
543 685 684 767 Appium
708 705 873 750 censorem
895 683 945 750 hic
965 689 1089 752 ostenta
1112 687 1232 754 facere:
1265 691 1305 756 de

141 768 238 852 signis
259 771 291 832 et
311 768 437 846 tabulis
459 765 498 831 de
521 769 585 847 agri
607 768 719 844 modo,
739 768 779 832 de
801 787 873 832 aere
894 767 999 834 alieno
1018 770 1168 836 acerrime
1189 776 1306 852 agere?

141 870 330 935 persuasum
351 855 400 916 est
421 851 460 928 ei,
482 869 650 914 censuram
674 850 850 914 lomentum
874 855 931 915 aut
952 851 1070 916 nitrum
1093 871 1179 917 esse:
1202 873 1306 922 errare

141 934 220 998 mihi
240 934 383 1012 videtur;
404 951 479 997 narn
499 933 575 996 dum
599 933 701 996 sordis
722 933 828 998 eluere
848 934 929 1009 vult,
951 953 1049 998 venas
1071 935 1130 999 sibi
1152 940 1254 1002 omnis
1275 942 1306 1003 et

141 1018 263 1081 viscera
280 1016 392 1098 aperit.
414 1034 506 1079 curre
526 1035 585 1098 per
601 1017 677 1079 deos
697 1019 795 1097 atque
811 1015 972 1080 homines!
995 1021 1027 1082 et
1048 1037 1145 1100 quam
1190 1020 1307 1086 rimum

139 1100 220 1164 haec
241 1099 337 1163 risum
358 1098 440 1176 veni,
462 1098 564 1178 legis
583 1097 819 1162 Scantiniae
841 1099 1032 1164 iudicium
1060 1101 1147 1182 apud
1167 1039 1307 1168 Brusum

140 1183 228 1259 lieri,
259 1182 401 1264 Appium
423 1181 464 1244 de
485 1181 602 1245 tabulis
621 1184 653 1244 et
673 1181 768 1262 signis
790 1201 900 1262 agere3
926 1182 1019 1246 crede
1042 1183 1137 1261 mihi,
1166 1190 1215 1248 est
1234 1206 1308 1268 pro·

140 1265 345 1347 perandomt‘
388 1263 472 1342 Quid
500 1263 617 1343 igitur?
664 1262 778 1328 Nonne
806 1268 914 1345 aperte
944 1266 1024 1329 haec
1052 1265 1151 1330 verba
1180 1267 1307 1348 docent,

141 1347 312 1431 epistulam
334 1346 461 1424 vulla
480 1349 553 1427 post
572 1346 666 1410 ludos
688 1344 860 1424 Circenses,
883 1353 956 1429 post
973 1346 1159 1430 epvurla
1181 1353 1309 1418 missam

141 1432 232 1495 esse?
265 1431 414 1508 Quonam
444 1429 540 1492 modo
563 1426 671 1492 Cicero
698 1429 878 1510 intellegere
905 1430 1018 1526 potuit,
1049 1451 1132 1514 quae
1154 1436 1308 1515 oppositio

141 1513 350 1578 intercederet
385 1512 468 1575 inter
503 1511 578 1592 legis
609 1511 792 1576 Scantiniae
825 1512 976 1576 iudicrnm
1016 1516 1047 1577 et
1080 1534 1205 1580 severas
1235 1517 1304 1582 illas

141 1596 237 1678 Appii
267 1595 405 1660 censoris
426 1595 577 1671 actiones,
607 1593 666 1658 nisi
695 1599 790 1659 antea
820 1595 860 1660 de
887 1614 926 1658 eo
953 1595 1067 1660 iudicio
1098 1598 1210 1664 certior
1239 1603 1307 1665 erat

141 1680 264 1744 lactus?
286 1677 348 1742 Per
369 1676 600 1760 oppositionem
622 1679 731 1742 autern
754 1676 898 1742 Caelium
920 1697 959 1744 ea
979 1679 1077 1743 verba
1099 1681 1308 1761 coniunxisse,

141 1766 178 1827 ut
197 1760 388 1842 significaret
421 1758 560 1840 Appium
593 1760 650 1822 etsi
680 1761 781 1841 ipsum
815 1761 1012 1826 foedissimae
1042 1762 1088 1826 rei
1121 1769 1309 1830 accusatum

141 1850 251 1909 tamen
269 1863 368 1928 quam
388 1842 538 1908 acerrime
559 1860 594 1904 se
616 1860 725 1922 gerere
746 1842 777 1906 in
797 1862 940 1923 censura,
962 1843 1032 1927 quis
1053 1848 1099 1908 esi
1120 1847 1175 1929 qui
1195 1851 1309 1928 neget?

224 1950 370 2031 Apparet
390 1949 499 2029 igitur,
528 1943 641 2012 iniuria
657 1949 813 2030 Largium
844 1950 1023 2016 existimare
1043 1952 1211 2034 epistulam
1233 1955 1309 2037 Vlll,

142 2033 180 2097 14
203 2036 278 2096 ante
301 2031 375 2108 Vlll,
405 2032 442 2094 ΙΙ
461 2051 528 2095 esse
547 2031 674 2105 datam;
698 2037 794 2114 atque
818 2052 858 2096 ne
880 2033 922 2098 ad
945 2053 1087 2100 mensem
1108 2035 1236 2102 lunium
1259 2041 1309 2105 rel

139 2115 498 2194 incuntemQuintilem
528 2132 600 2178 eam
626 2114 815 2194 referamus,
844 2115 933 2196 quod
952 2116 1022 2180 vult
1042 2118 1216 2200 Langius'),
1241 2122 1309 2188 aliis

139 2217 269 2280 quoque
291 2197 395 2262 causis
417 2197 617 2278 impedimur.

220 2303 304 2368 Nam
320 2303 370 2366 illo
386 2306 531 2384 tempore
541 2303 683 2384 Appium
699 2303 840 2367 nondum
856 2305 994 2369 censoris
1011 2325 1142 2372 munere
1164 2310 1308 2378 functum

139 2407 207 2451 esse
225 2386 445 2450 demonstrare
471 2386 546 2448 mihi
569 2385 678 2448 videor
698 2405 798 2466 posse.
841 2386 1048 2471 Quamquam
1070 2389 1208 2473 Largius
1238 2396 1308 2478 qui-

139 2470 239 2534 demtt
261 2471 323 2533 ianr
346 2471 475 2532 ineunte
496 2468 584 2564 Maio
603 2487 749 2532 censores
766 2469 919 2565 (Appium
940 2475 973 2536 et
995 2471 1162 2553 Pisonem)
1182 2483 1305 2544 creatos

139 2553 1309 2716 tulliistitutus§trististristislitut

138 2717 203 2794 (ΙΙΙ,
226 2720 265 2784 ΙΟ
287 2716 305 2800 ἓ
324 2716 373 2796 3):
396 2718 431 2794 ,si
454 2737 531 2780 vero
553 2716 705 2793 effeceris
727 2720 764 2780 ut
781 2737 927 2786 censores
948 2723 1094 2786 creentur
1184 2723 1215 2806 (ἓ
1240 2727 1308 2808 ill:

139 2805 181 2879 ,te
202 2802 286 2865 enirn
309 2803 345 2863 ut
366 2819 458 2882 spero
480 2799 665 2880 propediem
688 2817 851 2864 censorem
872 2802 1060 2867 audiemus‘.
1108 2803 1309 2885 Cognoverat

139 2883 238 3032 ltili
257 2882 380 3030 {liii
400 2881 1153 3035 ultiltlutitulatusillul
1171 2893 1309 3040 Willis}

142 3048 295 3130 epistulae
316 3045 408 3123 lll‚1l
434 3046 635 3130 praescribit:
659 3046 774 3128 ,Appio
792 3047 943 3126 Pulchr0,
967 3053 1011 3114 ut
1037 3071 1164 3133 spero,
1187 3060 1306 3123 censori

140 3134 176 3195 s.‘
198 3135 295 3214 atque
324 3131 465 3194 similiter
497 3131 528 3194 in
559 3133 636 3193 extr.
655 3149 704 3211 ep.
727 3130 856 3210 legitur:
891 3132 970 3208 ‚vale
998 3136 1031 3197 et
1059 3135 1090 3199 in
1112 3155 1246 3205 censura
1267 3175 1307 3187 -

137 3215 172 3279 si
202 3215 280 3278 ianr
309 3230 350 3278 es
371 3232 516 3277 censor
537 3216 579 3276 ut
600 3232 717 3294 spero
743 3246 781 3258 -
804 3214 844 3277 de
864 3233 986 3294 proavo
1008 3217 1146 3282 multum
1169 3223 1306 3302 cogitato

140 3297 215 3361 tuo‘.
246 3296 293 3361 Ex
312 3315 377 3378 quo
394 3299 536 3377 apparet,
557 3315 659 3377 usque
679 3294 722 3359 ad
742 3298 908 3360 exeuntem
921 3296 1048 3364 lunium
1068 3299 1158 3382 (nam
1172 3311 1307 3372 excunte

140 3380 205 3443 iere
233 3380 325 3443 Junio
355 3398 404 3460 ep.
428 3378 486 3455 ΙΙΙ,
512 3378 546 3441 ΙΙ
572 3378 650 3443 data
671 3378 732 3456 est)
755 3378 833 3442 nihil
864 3380 940 3444 certi
962 3379 1106 3447 Ciceroni
1139 3383 1179 3448 de
1206 3407 1245 3452 ea
1272 3409 1307 3454 re

139 3463 272 3528 allatum
295 3461 398 3525 fuisse.
449 3459 525 3523 lnde
544 3481 636 3538 vcro,
667 3461 754 3543 quod
774 3460 884 3526 Cicero
904 3464 1110 3542 urbanitatis,
1140 3485 1180 3530 ne
1202 3470 1306 3536 dicam

139 3544 353 3611 adulationis)
375 3543 550 3607 causasibi
574 3543 661 3607 cordi
684 3563 752 3607 esse
773 3542 869 3626 Appii
893 3544 1080 3626 dignitatem
1102 3548 1147 3613 his
1168 3551 1306 3633 epistulis

139 3631 294 3707 ostentat,
321 3628 361 3693 de
378 3633 522 3708 ternpore
545 3626 712 3690 creationis
734 3626 812 3690 nihil
835 3628 981 3693 concludi
1005 3630 1108 3696 debet.
1150 3631 1306 3714 Sperabat

147 3774 338 3786 m

208 3835 235 3901 a)
253 3834 271 3888 Ι.
290 3833 308 3890 Ι.
326 3853 353 3905 p.
373 3833 433 3899 396,
451 3837 475 3889 5.

209 3904 238 3972 b)
257 3904 275 3958 Ι.
297 3903 314 3958 Ι.
332 3921 359 3974 p.
377 3906 437 3969 397,
456 3906 481 3959 8.

208 3975 234 4042 c)
254 3971 429 4043 Quantopere
447 3971 584 4029 Ciceronis
601 3972 759 4030 interfuerit
776 3990 880 4041 cavere,
898 3991 934 4031 ne
945 3973 1037 4046 Appii,
1055 3972 1174 4033 hominis
1192 3980 1306 4038 nobilis·

139 4039 201 4096 simi
219 4041 397 4110 eiusdemque
415 4042 498 4097 amici
516 4042 597 4098 Bruti
620 4042 796 4124 Pompeique,
815 4061 833 4098 a
850 4061 879 4099 ae
897 4044 1033 4100 alienaret
1049 4047 1221 4104 voluntatem
1239 4053 1306 4108 satis

139 4113 257 4166 constat.
300 4111 339 4166 De
365 4127 406 4180 ep.
429 4113 464 4166 ad
481 4112 603 4182 Appium
621 4113 670 4180 111,
691 4114 722 4170 10
744 4130 804 4182 rpre
827 4113 920 4170 Cicero
938 4114 1030 4170 (laelio
1057 4118 1153 4174 scribit
1178 4121 1224 4189 (ad
1241 4121 1305 4177 fam.

143 4178 178 4245 11,
197 4181 237 4246 15,
256 4181 297 4246 il:
327 4179 403 4248 ,quid
419 4180 443 4238 ai
462 4199 552 4238 meam
571 4182 664 4253 legas,
690 4200 772 4251 quaro
793 4184 922 4254 agotum
941 4183 1051 4242 ortuis
1070 4186 1171 4246 litteris
1189 4189 1251 4245 misi
1270 4192 1305 4248 ad

141 4249 280 4322 Appium?
297 4250 420 4320 sedquid
438 4250 529 4321 agas?
546 4251 596 4306 cic
613 4252 790 4308 viriturl‘.
