3220 4946
862 369 905 440 18

304 563 404 628 quam
432 565 514 632 quas
534 551 639 618 Attico
661 549 772 620 Cicero
792 553 917 619 mittere
937 555 1062 622 soleret.
1084 587 1123 602 --
1144 553 1236 621 Nora
1255 554 1317 621 hac
1338 575 1388 640 ep.
1410 573 1465 622 ex-

303 636 467 724 ponuntur
487 653 536 714 ea,
558 653 643 720 quae
664 652 766 721 usque
788 638 829 702 ad
852 655 880 703 a.
903 638 933 702 d.
957 637 1033 702 vlit.
1049 639 1078 703 k.
1096 639 1180 704 iacta
1201 643 1291 715 sunt3
1312 641 1462 722 postridie

302 715 397 871 igitur
419 733 523 795 mane,
545 737 573 782 a.
582 719 613 784 d.
625 717 688 782 Vll.
698 719 726 782 k.
737 721 791 798 (a
802 720 850 784 11.
860 720 944 802 Jan.)
963 719 1073 786 Cicero
1094 739 1166 786 eam
1186 721 1309 786 dedisse
1329 723 1464 788 ridetur.

334 797 473 890 uaeritur
493 805 611 880 autem,
632 819 671 865 ex
691 819 756 885 quo
774 804 844 868 loco
865 803 959 868 missa
982 804 1031 868 sit.
1072 804 1112 869 A.
1133 803 1164 868 d.
1178 801 1254 868 viil.
1276 804 1336 868 kal.
1354 803 1464 870 Cicero

302 875 363 942 furt
382 877 567 962 Minimum,
587 888 622 948 ut
642 885 768 967 saepius
790 885 909 949 dictum
931 889 988 951 est.
1030 885 1106 951 inde
1127 903 1185 970 per
1205 885 1296 951 Cales
1317 885 1463 984 Capuam

301 960 462 1106 &reiectus
490 969 553 1030 est:
585 965 729 1050 Capuam
755 969 897 1051 pervenit
926 989 953 1033 a.
980 968 1012 1032 d.
1036 968 1085 1033 vt
1115 968 1175 1034 kal.
1202 968 1334 1035 Videtur
1369 971 1465 1052 igitur

302 1125 310 1140 ι
334 1042 469 1142 intumis
490 1049 648 1131 proiectus
669 1048 956 1137 esseadvltltai..
979 1049 1094 1116 deinde
1137 1050 1464 1130 emactasseCalibus

300 1125 376 1222 inde
402 1147 447 1194 rre
474 1133 646 1214 perrexisse
674 1152 702 1198 a.
733 1134 764 1198 d.
785 1133 833 1198 VI.
855 1133 901 1208 ira
934 1134 972 1198 cl.
1004 1153 1054 1216 ep.
1137 1183 1145 1211 ‚
1167 1134 1205 1200 14
1229 1133 1248 1216 d
1273 1135 1300 1200 1.
1342 1134 1464 1214 Quodsi

300 1208 515 1361 Ctrcerodhanc
538 1214 706 1360 egmmam
727 1237 766 1282 ex
786 1235 874 1281 more
895 1235 954 1281 suo
971 1235 1066 1281 urana
1080 1217 1272 1300 conscripsit,
1294 1217 1463 1283 Mmturnis

301 1310 396 1358 eram
442 1314 496 1365 aa
517 1317 550 1362 es

381 1403 435 1510 ss)
457 1430 495 1495 u.
519 1427 582 1511 vu,
606 1431 645 1496 rr
665 1429 684 1516 a
703 1431 734 1510 1;
761 1431 798 1498 rs
820 1427 838 1516 ς
860 1431 889 1496 a

381 1566 593 1646 abluente,
650 1587 692 1634 uo
720 1565 891 1652 Pompeius
919 1567 1030 1631 Teano
1058 1565 1196 1633 Sidicino
1224 1567 1387 1652 proiectus
1411 1569 1462 1646 sit,

299 1647 389 1713 varia
409 1649 589 1715 traduntur.
628 1585 752 1716 (bennit
774 1647 884 1716 Cicero
900 1667 930 1714 a.
952 1649 983 1713 d.
1005 1647 1067 1714 vu.
1089 1651 1150 1715 kal.
1171 1649 1263 1716 Febr.
1279 1652 1312 1716 in
1334 1667 1351 1715 e
1377 1651 1460 1729 ,vlt

301 1731 352 1796 13b
376 1751 450 1796 eum
472 1730 582 1798 Teano
601 1732 753 1799 Larinum
776 1752 885 1799 versus
906 1733 1083 1816 proiectum
1109 1753 1177 1798 esse
1198 1752 1228 1799 a.
1250 1735 1280 1800 d.
1301 1669 1376 1799 vnf.
1396 1733 1462 1798 kat.

299 1813 476 1898 eodemque
508 1815 559 1881 die
579 1811 707 1880 Venafri
733 1817 896 1881 mansisse.
947 1811 1042 1893 Quod
1069 1815 1095 1879 si
1123 1811 1168 1880 tta
1195 1819 1259 1895 est,
1288 1809 1461 1900 Pompeius

297 1897 405 1962 statim
423 1901 496 1980 post
515 1897 665 1981 probatas
675 1899 708 1963 L.
718 1897 860 1965 Caesaris
872 1897 1073 1963 condiciones
1092 1897 1137 1964 irc
1157 1899 1304 1982 penexit.
1335 1897 1461 1964 Tamen

298 1984 344 2046 est
364 1999 420 2045 cur
440 1983 590 2063 putemus
611 1981 761 2046 nuntium
781 1982 822 2047 de
844 1980 977 2063 Pompei
995 1979 1192 2062 profectione
1214 1980 1358 2047 Ciceroni
1380 2001 1410 2046 a.
1428 1981 1460 2046 d.

298 2061 360 2126 vlt.
387 2062 449 2128 kat.
474 2063 539 2128 iam
569 2059 702 2128 allatum
732 2064 839 2129 minus
871 2077 982 2128 verum
1012 2062 1115 2127 fuisse.
1165 2063 1249 2128 Nam
1282 2065 1315 2128 in
1346 2064 1460 2130 eadem

298 2143 406 2210 Cicero
428 2145 560 2230 epistula
582 2145 658 2228 (vu,
673 2145 746 2229 idi),
765 2161 830 2244 qua
851 2146 993 2212 Atticum
1014 2139 1137 2210 dehoc
1158 2145 1271 2210 nuntio
1293 2148 1461 2212 certiorem

298 2228 388 2306 iacit,
417 2227 524 2294 scribit
551 2229 646 2294 etiarn
670 2247 705 2294 se
725 2230 840 2294 vidrsse
859 2228 893 2293 L.
916 2227 1085 2293 Caesarem
1107 2245 1180 2293 cum
1201 2229 1376 2308 mandalia,
1401 2245 1462 2295 nec

298 2317 408 2378 tamen
436 2311 609 2396 quicquam
633 2311 721 2377 addit
742 2311 783 2376 de
804 2311 870 2376 eius
891 2327 964 2375 cum
985 2309 1140 2393 Pompeio
1158 2311 1317 2394 colloquio
1337 2329 1397 2376 nec
1418 2313 1459 2378 dc

320 2393 438 2458 robalis
459 2393 704 2460 condicionibus.
753 2394 852 2478 Atqui
873 2394 914 2471 is,
945 2393 999 2476 qui
1027 2394 1176 2457 nuntium
1202 2393 1242 2458 de
1263 2389 1457 2540 gosericus

296 2414 429 2561 Bompei
443 2477 558 2556 attulit,
580 2476 719 2574 proiecto
739 2477 835 2542 etiam
851 2477 1026 2541 nuntiasset
1039 2475 1073 2540 L.
1082 2474 1253 2542 Caesarem
1296 2477 1457 2560 umpeium

297 2561 497 2640 convenisse,
528 2560 589 2624 nisr
617 2560 753 2625 incertos
781 2578 924 2624 rumores
950 2561 1077 2623 secutus
1108 2561 1198 2623 esset.
1247 2558 1294 2622 De
1317 2559 1457 2642 probatis

297 2645 405 2708 autem
427 2641 664 2708 condicionibus
686 2639 796 2708 Cicero
815 2659 844 2706 a.
863 2641 894 2706 d.
914 2640 960 2705 vl.
983 2637 1044 2704 kal.
1066 2639 1197 2706 demum
1219 2641 1333 2706 certior
1355 2637 1458 2707 lactus

297 2729 360 2804 est,
382 2725 413 2790 id
436 2725 523 2809 quod
544 2731 680 2808 apparet
702 2741 742 2790 ex
762 2723 900 2808 ep.V11‚
923 2721 963 2787 rt
984 2741 1022 2788 eo
1043 2721 1094 2788 dle
1116 2723 1311 2871 conscripta:
1339 2725 1372 2788 in
1393 2739 1458 2808 qua

297 2805 430 2892 epistula
460 2808 536 2872 nihil
565 2807 606 2872 de
627 2807 758 2890 Pompei
785 2805 976 2904 profectione
1003 2805 1127 2887 legitur.
1168 2806 1208 2870 A.
1253 2855 1260 2870 .
1283 2806 1319 2871 V.
1340 2807 1402 2871 kat.
1424 2809 1457 2872 in

296 2908 344 2974 ep.
355 2889 418 2969 Vll,
429 2892 466 2955 15
476 2887 585 2956 Cicero
600 2888 716 2955 iterum
733 2889 859 2954 scribit:
881 2888 1061 2970 ‚Pompeius
1082 2889 1124 2954 ad
1144 2887 1284 2970 legiones
1292 2889 1457 2986 Appianas

297 2977 344 3040 est
370 2973 544 3057 proiectus,
582 2973 760 3038 Labienum
796 2989 903 3036 secum
938 2971 1056 3036 habea‘
1120 2965 1253 3036 Videtur
1288 2973 1384 3054 igitur
1417 2989 1456 3038 eo

295 3061 440 3140 tempore
465 3056 533 3121 illos
557 3056 686 3121 nuntios
711 3055 886 3137 accepisse,
916 3052 1075 3136 equibus
1103 3055 1282 3120 accuratius
1311 3073 1376 3138 quo
1405 3055 1455 3120 die

294 3140 465 3221 Pompeius
486 3138 647 3222 proiectus
665 3140 748 3204 esset
762 3139 973 3220 cognosceret.
1005 3135 1150 3214 Quocum
1161 3138 1281 3220 optime
1295 3137 1457 3216 convenit,

295 3222 381 3308 quod
410 3222 442 3288 in
471 3243 489 3288 e
514 3272 520 3286 .
547 3223 589 3287 ad
616 3221 805 3304 Pompeium
839 3220 934 3284 missa
961 3217 1275 3303 (Vitt,11‚B§2)
1307 3218 1455 3302 legimus:

295 3324 364 3389 ‚ego
386 3356 394 3371 .
418 3355 425 3371 .
448 3353 455 3369 .
476 3241 621 3451 Capuam
642 3305 715 3368 reni
740 3322 778 3368 eo
796 3302 866 3384 ipso
885 3301 952 3380 die,
976 3319 1041 3383 quo
1068 3305 1103 3366 tu
1122 3301 1232 3368 Teano
1252 3302 1391 3368 Sidicino
1421 3323 1456 3367 es

213 3403 215 3408 ’
295 3389 474 3473 proiectus‘
544 3387 609 3452 enit
627 3391 736 3452 autem
755 3383 865 3450 Cicero
887 3383 1031 3465 Capuam
1053 3405 1083 3450 a.
1104 3385 1135 3450 d.
1157 3385 1207 3449 Vt.
1229 3385 1309 3462 kat,
1330 3385 1370 3450 cl.
1392 3384 1455 3464 Vll,

296 3474 334 3538 15
352 3472 372 3555 ἕ
392 3473 427 3547 a
457 3471 570 3536 eodem
590 3471 686 3552 igitur
708 3469 759 3532 die
779 3467 950 3550 Pompeius
969 3465 1116 3532 Teanum
1137 3466 1300 3551 reliquisse
1323 3469 1453 3534 videtur.

376 3611 430 3690 cu)
450 3609 490 3674 cr.
512 3607 575 3688 vu,
599 3607 637 3672 15
659 3605 678 3690 s
699 3605 727 3671 a.

376 3745 430 3830 61)
452 3745 505 3812 nst
517 3743 583 3811 dies
596 3743 629 3810 ln
640 3744 718 3809 extr.
730 3763 780 3826 ep.

375 3873 429 3956 61)
448 3873 588 3954 Quinti
608 3869 767 3938 Ciceronis
780 3872 822 3936 ad
834 3868 986 3936 Tironem
1001 3889 1019 3934 e
1042 3870 1153 3936 istulae
1170 3874 1317 3938 accurate
1330 3875 1457 3970 tempus

295 3958 417 4024 deliniri
438 3958 557 4040 nequit.
599 3955 724 4038 Scripta
742 3957 789 4020 est
812 3954 930 4029 hieme3
951 3953 991 4018 ci.
1013 3889 1041 4033 ἕ
1055 3955 1092 4018 1:
1125 3970 1194 4031 ‚nec
1210 3957 1244 4020 te
1262 3954 1457 4037 navigationi

293 4045 325 4106 et
345 4041 417 4106 viae
462 4060 497 4104 er
526 4039 664 4104 hiemem
694 4036 882 4102 comarittas‘
916 4041 947 4100 et
971 4034 990 4118 ἕ
1013 4036 1048 4100 2:
1080 4036 1142 4113 ,vix
1163 4036 1197 4101 in
1218 4037 1292 4120 ipsis
1314 4039 1405 4104 tectis
1424 4041 1457 4102 et

295 4123 418 4206 oppidis
438 4061 536 4207 frigus
557 4121 685 4186 infirma
700 4119 883 4185 valetudine
903 4119 1041 4184 vitatur.‘
1082 4117 1152 4200 lpse
1170 4118 1296 4185 Marcus
1306 4119 1456 4186 Tironem
