3220 4946
713 389 753 460 19

148 569 456 646 demonstravimus,
482 588 560 634 uum
593 588 668 634 vero
699 569 791 635 luerit
812 571 966 636 intereas
988 569 1139 654 epistulas
1160 589 1241 654 quas
1262 569 1316 637 illo

149 656 200 720 die
224 652 334 720 Cicero
364 653 405 717 de
438 653 638 736 sponsalibus
660 654 797 735 accepit,
833 673 893 718 nec
927 653 1078 718 affirmari
1113 673 1174 718 nec
1206 655 1316 735 negari

147 741 263 886 potest.
302 735 411 814 Quare
434 739 544 800 utrum
567 734 727 800 Ciceronis
750 755 936 833 responsum
958 755 988 801 a.
1010 735 1040 799 d.
1061 735 1109 800 ΙΙΙ.
1132 755 1208 801 non.
1227 737 1315 802 Sext.

172 842 182 884 1

182 821 244 884 dae
275 839 318 884 an
346 818 443 901 paulo
471 823 543 900 post
561 816 668 883 Rhodi
688 823 902 900 conscriptum
924 819 979 898 sit,
1010 818 1173 882 diiudicari
1195 820 1314 903 nequit.

148 902 294 981 Quorum
323 904 432 966 tamen
461 900 614 982 posterius
640 901 717 964 mihi
738 901 936 966 verisimilius
967 921 1035 966 esse
1053 901 1205 978 'videtum
1237 922 1314 967 uam

148 986 173 1050 si
194 1005 232 1050 ea
250 988 335 1049 recte
355 1003 389 1048 se
410 983 547 1060 habent,
569 1002 653 1066 quae
674 1003 773 1065 supra
795 985 834 1048 de
855 982 1014 1049 Ciceronis
1040 984 1152 1049 itinere
1173 984 1315 1066 exposui,

149 1069 200 1132 vix
224 1066 388 1133 credemus
411 1066 453 1130 ad
468 1065 576 1130 Sidam
589 1064 775 1134 Ciceronem
796 1067 902 1150 plures
922 1066 1073 1150 epistulas
1092 1067 1315 1148 composuisse.

230 1221 264 1304 5)
285 1221 348 1305 Ep.
370 1222 420 1287 ad
442 1219 617 1304 Appium
640 1219 701 1300 ΙΙΙ,
725 1222 779 1286 13.

230 1329 301 1394 Hac
322 1328 456 1411 epistula
473 1326 583 1393 Cicelo
613 1328 730 1410 gratias
758 1329 824 1410 agit
845 1329 951 1412 Appio
980 1333 1111 1413 propter
1131 1349 1260 1412 operam
1282 1329 1315 1394 in

148 1412 355 1477 decernendis
377 1411 659 1494 supplicationibus
680 1413 772 1476 enixe
792 1416 956 1477 navatam.
991 1412 1038 1477 De
1060 1413 1188 1477 decreta
1208 1416 1315 1477 autem

149 1495 379 1642 ξιξηίἷῇἰοειῒίοω
397 1492 636 1640 Ι()]1313ἰ’)οῃ33133
667 1495 861 1641 331Γὴ3331133
896 1495 998 1592 lactus
1029 1496 1196 1643 quaimApite
1216 1495 1316 1643 ὖῗοῐίῗ

179 1597 379 1642 uraecum
426 1596 1081 1653 oaeasonsarus3nam1ne.a
1184 1627 1190 1641 .
1264 1626 1271 1655 ,

149 1664 225 1725 aute
247 1662 414 1725 exeuntem
429 1658 599 1737 Quintilem
610 1597 699 1724 pdata
720 1661 844 1724 scribit:
867 1597 1029 1738 ,RhoduulrJ
1050 1660 1122 1724 volo
1144 1679 1317 1743 puerorum

150 1761 265 1821 causa,
295 1743 369 1808 inde
389 1761 488 1824 quam
509 1741 648 1825 primum
670 1742 831 1821 Athenas,
863 1745 920 1808 etsi
936 1743 1051 1808 etesiae
1071 1743 1164 1808 valde
1184 1743 1315 1822 rellant3

148 1826 206 1890 sed
225 1823 297 1891 volo
321 1826 370 1890 his
393 1825 636 1905 magistratibus,
659 1845 795 1908 quorum
811 1826 1006 1891 voluntatem
1031 1825 1063 1891 in
1085 1826 1315 1908 supplicatione

149 1928 222 1973 sum
242 1911 408 1990 expertus.
452 1907 556 1972 Facile
578 1908 671 1989 igitur
692 1909 881 1978 concludere
903 1908 1017 1992 aliquis
1038 1909 1136 1992 possit
1157 1910 1241 1973 hauc
1264 1928 1313 1990 ep.

151 1991 222 2070 llll,
244 1992 300 2072 13)
320 1994 395 2055 ante
416 1989 472 2068 Ill,
497 1991 534 2054 lb
548 2010 623 2076 ,esse
644 1991 770 2071 datam,
793 1996 890 2074 atque
912 1991 1116 2057 Holmanuus
1133 1991 1262 2074 quidem
1281 1991 1313 2056 id

150 2075 289 2158 probare
310 2073 431 2138 studuit
439 2074 475 2151 ⁸³,
495 2092 599 2156 neque
617 2077 726 2138 tamen
746 2075 823 2139 mihi
843 2075 1006 2156 persuasit
1025 2075 1152 2156 Legitur
1175 2075 1260 2138 enim
1281 2075 1314 2138 iu

151 2179 201 2240 ep.
214 2157 263 2235 ΙΙΙ,
286 2157 323 2220 13
343 2155 405 2238 §ht
427 2155 547 2236 ,vellem
568 2157 611 2220 ita
632 2156 760 2222 fortuna
782 2157 910 2234 tulisset,
931 2161 968 2220 ut
989 2159 1099 2240 quanti
1122 2177 1180 2238 ego
1203 2177 1315 2221 omnes

153 2245 242 2318 tuoe,
264 2240 355 2304 'tanti
377 2242 412 2304 tu
434 2258 522 2304 meos
544 2237 646 2304 lacere
664 2259 784 2322 posses3
816 2240 904 2323 quod
921 2243 1030 2304 tamen
1052 2239 1060 2303 i
1086 2259 1175 2319 sum,
1209 2241 1315 2305 nescio

151 2342 217 2470 a
231 2320 845 2469 retribuunturstru
861 2323 1003 2470 tarra·
1023 2260 1317 2487 thaath?

151 2489 226 2553 hac
243 2509 283 2553 re
316 2490 470 2552 novata
501 2487 647 2552 additum
674 2489 777 2570 potius
813 2488 933 2571 aliquid
961 2488 1003 2552 ad
1036 2507 1144 2551 meum
1174 2507 1249 2569 erga
1284 2493 1316 2552 te

150 2571 309 2647 studium,
341 2590 405 2654 quo
426 2569 503 2633 nihil
525 2570 692 2636 videbatur
714 2571 787 2635 addi
807 2591 915 2653 posse,
935 2590 1035 2652 quam
1055 2571 1228 2653 quicquam
1249 2589 1316 2634 esse

151 2655 350 2720 detractum‘.
401 2651 515 2717 Nonne
544 2658 677 2736 apparet
706 2653 786 2719 haec
810 2654 853 2718 ad
883 2653 1079 2718 Dolabellam
1109 2654 1203 2718 etad
1230 2653 1316 2718 facta

151 2736 311 2820 sponsalia
325 2735 500 2818 pertinere?
523 2735 607 2800 Nam
645 2738 707 2801 uod
720 2735 923 2801 Hofmanuus
946 2738 1049 2818 putat,
1070 2736 1221 2800 essehoc
1242 2737 1314 2801 loco

151 2839 331 2884 sermonem
355 2819 395 2883 de
416 2817 533 2896 Tullia,
564 2819 603 2882 de
622 2757 774 2884 Cerealia
795 2819 894 2902 iisque
917 2817 1076 2883 Ciceronis
1098 2819 1317 2895 familiaribus,

153 2903 207 2986 qui
237 2901 392 2965 vellent
413 2899 549 2965 Tulliam
571 2901 754 2968 Dolabellae
775 2901 942 2980 collocare,
974 2905 1117 2986 spectare
1144 2901 1197 2965 illa
1218 2902 1317 2967 verba

153 3005 218 3050 uon
242 2983 284 3048 ad
308 2983 392 3050 lacta
413 2983 588 3065 sponsalia,
619 2983 675 3048 sed
703 2985 745 3048 ad
773 2985 898 3066 iniquos
926 2991 1089 3049 sermones
1117 2983 1157 3048 de
1187 2984 1316 3048 consilio

153 3067 321 3132 mulierum
343 3067 407 3130 iam
427 3069 524 3130 autea
544 3085 686 3148 sparsos,
718 3067 749 3131 id
779 3068 867 3131 nullo
898 3068 997 3131 modo
1022 3067 1150 3132 credere
1177 3087 1315 3149 possum.

152 3149 318 3228 Quaenam
340 3151 387 3212 est
410 3169 449 3212 ea
470 3169 533 3214 res
566 3153 736 3226 novata,
764 3169 829 3232 qua
859 3149 941 3213 adeo
970 3149 1046 3214 nihil
1075 3149 1253 3214 detractum
1275 3149 1315 3214 de

150 3252 209 3296 suo
232 3251 307 3313 erga
329 3233 467 3314 Appium
488 3231 593 3296 studio
615 3251 682 3296 esse
703 3232 813 3299 Cicero
833 3232 958 3311 scribit,
987 3235 1023 3296 ut
1043 3233 1148 3314 potius
1169 3231 1315 3296 additum

151 3315 268 3397 aliquid
288 3314 330 3378 ad
351 3333 493 3379 amorem
516 3334 584 3378 esse
604 3315 774 3380 videatur?
796 3315 920 3397 Nempe
940 3315 1116 3398 sponsalia,
1138 3315 1179 3380 de
1200 3314 1315 3396 quibus

152 3399 184 3463 in
206 3418 254 3480 ep.
278 3397 331 3474 Ill,
357 3397 394 3460 th
422 3397 521 3460 isdem
554 3398 618 3462 lere
643 3398 749 3462 verbis
777 3398 959 3480 scripserat:
985 3397 1038 3476 ,sic
1059 3395 1175 3462 habeto
1196 3401 1314 3475 tamen,

153 3481 210 3545 nisi
237 3481 300 3544 iam
329 3483 405 3544 tunc
433 3480 541 3543 omnia
569 3481 695 3562 negotia
728 3487 811 3546 cum‘
831 3500 959 3545 summa
988 3483 1045 3545 tua
1070 3480 1223 3560 dignitate
1244 3479 1314 3544 dili·

152 3563 332 3646 gentissime
354 3562 577 3640 coniecissem,
606 3564 735 3628 tametsi
756 3563 833 3628 nihil
856 3563 1023 3628 videbatur
1043 3563 1086 3628 ad
1107 3581 1214 3626 meum
1238 3582 1315 3643 erga

153 3652 185 3712 te
214 3646 378 3728 pristinum
406 3645 545 3709 studium
574 3645 647 3709 addi
670 3666 780 3728 posse,
810 3648 919 3710 tamen
952 3646 1012 3710 hac
1042 3645 1119 3709 mihi
1151 3645 1316 3710 adfinitate

153 3729 302 3793 nuntiata
317 3745 382 3791 non
401 3727 522 3791 maiore
539 3727 685 3810 equidem
702 3729 816 3806 studio,
839 3729 895 3793 sed
916 3729 1028 3805 aerius,
1051 3727 1200 3810 apertius
1220 3728 1317 3809 signi·

153 3812 300 3877 ficantius
323 3810 508 3891 dignitatem
531 3814 621 3875 tuam
644 3810 1084 3880 defendissem...adtinitas¹
1097 3828 1182 3875 nova
1204 3828 1316 3876 curam

153 3895 229 3960 mihi
252 3893 355 3958 adfert
378 3893 526 3974 cavendi,
557 3912 598 3957 ne
628 3893 705 3977 quid
734 3894 775 3959 de
802 3913 929 3960 summo
960 3912 1033 3957 meo
1055 3912 1130 3975 erga
1150 3896 1182 3957 te
1205 3913 1315 3958 amore

154 3977 331 4042 detractum
360 3995 429 4040 esse
448 3976 614 4042 videatur‘.
663 3977 808 4060 Apparet
836 3976 890 4041 illa
921 3975 1017 4040 verba
1046 3976 1137 4040 aliter
1166 3975 1315 4058 explicari

155 4150 250 4276 lssbla)
267 4147 507 4274 Fadgglofmanni
532 4150 566 4205 de
590 4147 697 4220 &igine
723 4147 791 4204 bffli
814 4145 903 4205 Μὴ
926 4146 1086 4204 Caesariani
1111 4164 1208 4203 comm.
1225 4147 1315 4204 Berol.

239 4236 265 4289 P·
319 4257 327 4282 ⁹
380 4257 387 4272 ·
937 4233 944 4258 ν.

207 4339 355 4390 (samara.
940 4323 943 4328 ’
1118 4333 1148 4390 1*
