3220 4946
701 395 739 466 1⁷

134 583 201 668 ipse
220 582 313 650 nobis
333 577 463 646 tradidit
484 576 675 661 (Brut.l‚l):
699 577 790 656 ‚Cum
813 577 954 644 eCilicia
970 577 1128 644 decedens
1147 577 1302 646 Rhodum

134 668 293 732 venissem
330 667 362 729 et
396 679 435 728 eo
463 663 543 726 mihi
574 663 614 727 de
638 661 675 740 Q.
704 660 865 727 Hortensii
897 665 1000 727 morte
1033 666 1115 728 esset
1146 663 1300 742 adlatum,

134 751 285 832 opinione
314 746 457 812 omnium
502 746 656 810 malorem
701 745 811 810 animo
848 746 917 828 cepi
954 745 1115 810 dolorem‘.
1178 745 1301 824 Quibus

134 833 241 897 verbis
263 849 321 896 cur
341 829 420 894 fides
439 847 504 892 non
528 827 677 892 habende
696 827 755 904 sit,
789 828 936 911 equidem
957 847 1023 892 non
1046 828 1147 893 video.
1190 829 1302 912 Neque

135 916 221 980 enim
235 911 433 978 Tunstallio¹l
448 912 593 976 assentiri
618 923 748 992 possum
770 911 918 992 quamvis
939 911 1098 992 ingeniose
1119 912 1302 993 suspicanti,

135 997 321 1063 Ciceronem
350 995 476 1060 linxisse
496 1013 530 1057 se
551 992 657 1058 Rhodi
679 993 719 1056 de
741 992 900 1058 Hortensii
920 997 1023 1058 morte
1044 994 1209 1059 certiorem
1236 1013 1303 1060 esse

137 1081 276 1159 lactum4
304 1095 370 1162 quo
395 1076 536 1160 pulcrius
562 1077 711 1140 evaderet
739 1077 1029 1158 prooemiumlibri
1052 1077 1303 1156 decretoribus

136 1183 210 1229 curn
232 1165 265 1226 et
286 1181 306 1226 a
327 1161 500 1226 clarissimo
523 1163 650 1223 oratore
671 1161 702 1222 et
717 1172 737 1222 a
753 1158 951 1224 nobilissima
966 1159 1166 1243 eloquentiae
1181 1161 1304 1227 nutrice

135 1245 252 1311 Rhodo
264 1245 388 1328 initium
400 1245 535 1326 caperet.
573 1239 656 1306 Nam
672 1241 730 1305 etsi
744 1241 820 1306 illud
842 1245 928 1306 recte
944 1256 978 1306 se
992 1243 1100 1322 habet,
1120 1241 1304 1308 Ciceronem

135 1347 201 1393 non
221 1328 290 1392 sine
310 1341 408 1392 causa
429 1326 471 1390 ab
483 1324 653 1390 Hortensio
668 1343 816 1388 exorsum
836 1345 912 1403 esse,
933 1328 1043 1391 temen
1065 1325 1208 1392 consulto
1229 1345 1304 1391 eum

134 1411 289 1476 Rhodum
313 1410 374 1474 hoc
396 1410 468 1473 loco
488 1425 771 1485 commemorasse,
794 1427 835 1472 ne
856 1407 991 1473 minimo
1010 1409 1140 1491 quidem
1162 1409 1303 1490 epitheto

136 1494 178 1558 ad
211 1493 334 1558 insulae
366 1491 539 1556 oratoriam
571 1491 700 1554 laudem
728 1494 894 1586 spectante
909 1491 1119 1589 significatur..
1170 1491 1304 1588 Accedit

136 1579 363 1724 hiltrih
377 1576 1017 1753 pileillifllelllhn‘ut?lille
1048 1575 1306 1723 itthhrth

136 1741 273 1806 Tulliam
303 1740 493 1822 despondit,
522 1741 674 1820 quoniam
701 1738 744 1802 Μ.
765 1738 890 1804 Caelius
918 1741 952 1804 in
980 1759 1054 1805 eae
1077 1740 1212 1820 istulat),
1241 1757 1306 1823 qna

137 1825 316 1906 gratulatur
338 1822 481 1888 Ciceroni
514 1840 630 1886 novam
663 1821 867 1900 affinitatem,
899 1822 1004 1887 addit:
1035 1760 1082 1901 ,6.
1106 1822 1305 1901 Hortensius

137 1927 211 1971 cum
235 1907 295 1970 has
316 1907 436 1970 litteras
460 1905 585 1987 scripsi,
615 1906 757 1968 animam
785 1905 920 1986 agebat‘.
967 1905 1036 1970 lam
1057 1923 1132 1970 cum
1154 1907 1195 1970 de
1216 1906 1306 1971 lactis

138 1990 339 2072 sponsalibus
368 1987 477 2053 Cicero
506 2007 535 2052 a.
559 1988 589 2052 d.
614 1987 662 2052 111.
690 2007 764 2052 non.
796 1987 880 2053 Sext.
907 1988 1039 2054 demum
1069 1989 1164 2054 Sidae
1192 1991 1307 2054 certior

137 2073 242 2138 factus
273 2074 330 2148 sit,
369 2071 392 2134 si
422 2074 507 2134 recte
539 2089 637 2152 supra
673 2071 843 2134 statuimus
879 2090 953 2136 eum
988 2071 1174 2137 brevissimo
1203 2073 1306 2155 spatio

138 2156 303 2220 interiecto
311 2153 388 2218 Sida
401 2153 555 2218 Rhodum
576 2153 758 2234 perrexisse,
779 2172 887 2218 nonne
910 2173 1039 2236 prorsus
1059 2155 1226 2220 verisimile
1249 2159 1307 2234 est,

139 2239 180 2302 de
210 2241 313 2302 morte
330 2235 490 2302 Hortensii
517 2237 546 2300 ei
567 2236 719 2301 Rhodum
743 2236 875 2301 allatum
897 2239 989 2301 esse?
1016 2236 1112 2316 Quod
1134 2239 1160 2302 si
1182 2239 1226 2304 ita
1249 2241 1307 2316 est,

138 2321 281 2403 sequitur
302 2323 339 2385 ut
359 2318 440 2383 haec
462 2318 503 2382 ad
527 2319 669 2382 Atticum
688 2339 737 2400 ep.
759 2319 948 2404 paulopost
967 2319 1041 2384 ad
1056 2320 1105 2385 lll.
1125 2339 1199 2386 non.
1220 2320 1306 2386 Sext.
1389 2377 1391 2382 s

138 2404 257 2468 Rhodo
284 2403 364 2468 data
392 2403 440 2466 sit
489 2402 552 2466 Sed
583 2405 672 2478 sunt,
706 2402 760 2484 qui
789 2407 940 2468 censeant
971 2403 1157 2468 Ciceronem
1187 2406 1220 2468 in
1246 2405 1307 2468 hac

138 2486 274 2569 epistula
289 2501 354 2551 non
367 2485 455 2567 loqui
466 2485 507 2548 de
521 2483 692 2548 Hortensio
707 2488 845 2563 mortuo,
860 2486 917 2550 sed
935 2485 975 2550 de
981 2485 1154 2552 Hortensio
1164 2491 1304 2568 aegroto,

138 2571 183 2634 ita
202 2573 248 2645 ut,
266 2569 323 2634 etsi
345 2567 385 2632 de
407 2571 509 2632 morte
532 2569 664 2632 nuntius
684 2567 793 2632 Rhodi
815 2568 946 2634 demum
958 2567 1103 2634 Ciceroni
1122 2570 1237 2635 allatus
1256 2570 1306 2647 sit,

138 2653 218 2717 haec
239 2656 348 2716 temen
369 2650 503 2732 epistula
524 2654 620 2715 antea
633 2650 710 2716 data
723 2669 791 2714 esse
803 2651 911 2733 possit.
935 2651 989 2717 Ad
1005 2653 1092 2734 quod
1105 2652 1307 2735 probandum

138 2737 240 2818 ipsam
263 2735 349 2799 illam
372 2733 468 2798 Caelii
489 2732 657 2817 epistulam
677 2733 832 2812 afferunt,
866 2734 900 2799 in
928 2735 1018 2800 cuius
1046 2739 1190 2802 extrema
1215 2739 1307 2818 parte
1352 2769 1353 2772 ¹

139 2822 260 2882 exstat:
289 2817 486 2896 ,Hortensius
515 2863 583 2880 ...
612 2817 754 2880 animam
785 2815 923 2898 agebat‘.
979 2816 1031 2882 Sic
1061 2817 1244 2885 Schuetzius
1272 2819 1306 2883 in

140 2901 277 2966 editione
297 2899 507 2982 epistularum
527 2899 702 2963 secundum
720 2900 871 2982 temporis
894 2899 1040 2966 ordinem
1058 2902 1306 2985 dispositarum)

140 2984 184 3048 ad
215 2983 314 3048 verba
342 2981 503 3047 Ciceronis
533 3001 631 3064 supra
659 2981 756 3046 allata
784 2983 848 3062 (‚de
869 2981 1039 3048 Hortensio
1067 2987 1100 3050 te
1130 2989 1217 3051 certo
1242 2985 1306 3050 scie

140 3065 247 3131 dolere
269 3085 296 3131 e.
317 3086 346 3148 q.
368 3064 419 3143 s.‘)
441 3063 521 3129 haec
540 3065 691 3128 adnotat:
735 3063 785 3139 ‚de
807 3064 994 3147 Hortensio]
1031 3087 1128 3151 quem
1163 3069 1306 3134 animam

139 3167 234 3230 agere
255 3150 425 3230 scripserat
448 3147 572 3212 Caelius
593 3167 642 3230 ep.
659 3146 765 3210 ΜΨ.
816 3146 1038 3214 Concedamus
1058 3151 1217 3235 paulisper
1238 3152 1306 3218 fieri

140 3229 1142 3382 ‘'Harl''‘liiilldll‘llhtliilfflllefflictimid
1157 3236 1306 3382 ‘illlum

142 3334 197 3462 illa
216 3335 313 3462 Cdditt
335 3330 472 3492 epicinia
492 3334 688 3494 iedditasit.
733 3333 854 3474 Quddsi
882 3335 1144 3486 veruinquatnf-
1170 3336 1306 3485 diceiqodld

143 3481 213 3545 iure
230 3481 356 3563 quidem
379 3478 517 3543 dubitari
537 3481 648 3562 nequit
670 3513 708 3524 -
729 3480 769 3543 de
790 3483 920 3544 morte
941 3479 1101 3546 Hortensii
1121 3481 1307 3548 Ciceronem

143 3563 251 3627 Rhodi
272 3563 403 3627 demum
427 3561 590 3626 certiorem
614 3580 681 3626 esse
703 3561 839 3639 factum,
857 3581 899 3627 ne
919 3563 999 3628 haec
1019 3565 1179 3647 quideme
1203 3567 1306 3648 istula,

143 3665 227 3728 quae
255 3646 402 3710 nuntium
425 3644 465 3709 de
485 3644 705 3728 propinqua
735 3647 838 3709 morte
857 3641 1013 3724 continet,
1042 3586 1307 3714 Ciceronlpmulto

142 3731 217 3792 ante
249 3729 347 3794 allata
379 3743 449 3793 esse
479 3729 583 3810 potest
608 3739 706 3810 quam
736 3725 889 3792 Rhodum
913 3728 1008 3793 venit.
1066 3731 1149 3795 Nam
1181 3735 1307 3798 constat

142 3811 349 3886 Hortensium
370 3826 546 3894 perpaucos
562 3811 691 3874 tanturn
712 3809 778 3874 dies
799 3827 934 3892 aegrum
952 3811 1066 3894 fuisse;
1097 3817 1146 3878 est
1165 3813 1252 3890 enirn
1272 3815 1305 3882 in

149 3947 331 3958 *ιαμ-ψῃ...

212 4023 239 4090 a)
256 4021 306 4144 af.
324 4021 360 4075 aa
377 4021 504 4078 uiuae..
523 4039 550 4092 p.
568 4021 610 4077 ee.

212 4085 241 4160 bl
260 4107 295 4147 e.
313 4089 350 4146 ad
365 4083 430 4146 lam.
449 4087 524 4156 VIII,
544 4087 577 4145 13
595 4089 664 4146 extr.

213 4163 241 4228 e)
260 4161 310 4226 ΠΙ,
328 4161 387 4215 299.

211 4230 240 4302 d)
258 4231 292 4288 ci.
310 4228 396 4286 etiam
414 4228 557 4285 Drumann
574 4228 624 4296 Vl,
641 4227 701 4294 181,
718 4226 761 4282 79.
