3220 4946
711 377 750 442 15

147 551 253 636 »quod
275 551 370 634 igitur
390 551 531 620 fecissem
556 553 598 620 ad
613 553 739 632 urbem,
760 554 787 619 si
803 552 1000 620 consuetudo
1014 552 1147 637 pristina
1157 552 1308 630 maneret,

127 636 179 702 -id
208 635 361 717 quoniam
392 636 461 718 lege
482 637 560 702 Iulia
590 637 768 721 relinquere
786 638 925 702 rationes
943 639 975 702 in
998 637 1159 720 provincia
1181 655 1310 702 necesse

145 720 228 794 erat,
258 717 448 802 easdemque
474 721 607 786 totidem
635 720 738 785 verbis
768 720 883 786 referre
916 721 957 785 ad
980 719 1156 796 aerarium,
1188 719 1247 784 feci
1276 718 1309 782 in

134 799 326 884 provincia,
354 821 484 884 neque
512 805 572 868 ita
594 803 680 880 feci,
709 806 746 866 ut
765 805 798 868 te
820 803 861 867 ad
885 823 992 869 meum
1014 802 1181 868 arbitrium
1206 801 1309 866 addu-

147 901 262 960 cerem,
278 882 334 947 sed
354 885 450 949 tribui
473 886 527 950 tibi
552 889 689 962 tantum,
711 889 868 968 quantum
889 907 941 951 me
964 886 1110 951 tribuisse
1131 903 1309 968 numquam

146 986 199 1032 me
219 966 407 1048 paenitebit;
427 971 530 1032 totum
552 969 637 1033 enim
658 969 829 1033 scribam
856 989 996 1047 meum,
1018 989 1113 1051 quem
1136 967 1190 1031 tibi
1217 967 1310 1031 video

149 1068 235 1115 nunc
256 1068 323 1113 esse
344 1055 545 1133 suspectum,
570 1051 626 1116 tibi
657 1051 788 1127 tradidi;
818 1054 854 1115 tu
884 1051 911 1116 ei
935 1051 977 1116 M.
998 1050 1153 1116 Mindium
1179 1050 1311 1114 fratrem

145 1138 236 1198 tuum
258 1131 441 1209 adiunxisti;
468 1135 606 1198 rationes
628 1134 792 1199 confectae
812 1154 873 1198 me
900 1135 1077 1199 absente
1097 1137 1172 1198 sunt
1193 1136 1309 1207 tecum,

145 1215 187 1282 ad
220 1234 313 1296 quas,
331 1234 390 1297 ego
424 1217 502 1280 nihil
540 1217 671 1281 adhibui
701 1220 828 1299 praeter
861 1217 1046 1282 lectionem:
1087 1217 1131 1281 ita
1167 1214 1309 1296 accepi

145 1298 292 1364 librum
313 1317 424 1363 amco
445 1299 563 1378 scriba,
592 1303 630 1364 ut
650 1300 789 1365 eundem
808 1301 982 1380 acceperim
1004 1319 1023 1364 a
1042 1300 1140 1364 fratre
1161 1301 1248 1363 tuo«
1270 1330 1310 1342 -

147 1382 292 1464 Apparet
313 1380 425 1462 igitur,
447 1380 632 1448 Ciceronem
653 1402 719 1446 non
740 1383 862 1447 venisse
884 1383 1087 1459 Laodiceam
1109 1400 1209 1528 qquare
1225 1383 1310 1445 recte

144 1464 292 1530 sehabet
308 1469 420 1528 nostra
436 1465 554 1538 itineris
570 1465 747 1548 descriptio.
777 1463 871 1544 Quod
891 1467 915 1529 si
939 1467 982 1529 ita
1004 1469 1061 1543 est,
1084 1466 1116 1528 ni
1140 1465 1161 1528 il
1184 1467 1232 1529 est
1254 1483 1311 1528 cur

143 1550 294 1632 putemus
320 1545 501 1613 Ciceronem
534 1549 713 1631 complures
748 1548 812 1612 dies
833 1548 928 1613 Sidae
958 1551 1194 1613 commoratum
1227 1565 1309 1610 esse:

145 1630 275 1696 accessit
305 1629 346 1694 ad
376 1630 436 1696 hoc
460 1633 630 1714 oppIdum,
666 1634 703 1696 ut
731 1631 773 1695 ibi
800 1634 1019 1713 pernoctaret,
1053 1631 1194 1696 simililer
1221 1629 1309 1693 utin

145 1711 347 1860 navigatione
376 1715 545 1796 superioris
571 1714 664 1792 anni,
697 1733 772 1779 cum
801 1711 935 1780 Athenis
963 1713 1130 1796 Ephesum
1154 1713 1309 1786 traiceret,

120 1835 122 1840 ·
148 1796 189 1862 ad
235 1799 356 1872 ostera,
385 1797 427 1860 ad
450 1795 523 1876 Ceo,
545 1796 703 1880 Gyarum,
723 1797 852 1880 Syrum,
875 1796 989 1861 Delum
1010 1796 1124 1860 eadem
1149 1797 1189 1860 de
1215 1813 1312 1860 causa

145 1898 261 1944 navem
284 1879 484 1961 appulerat⁸I
534 1880 680 1944 Fortasse
708 1879 802 1962 igitur
829 1886 958 1962 postero
986 1879 1051 1944 lam
1072 1878 1138 1958 die,
1166 1899 1213 1964 pr.
1235 1895 1310 1942 non.

145 1963 246 2040 Sext,
276 1960 353 2026 Sida
373 1961 527 2028 Rhodum
549 1963 702 2044 navigare
720 1963 865 2044 perrexit.

229 2091 266 2172 4)
288 2091 350 2176 Ilp.
378 2093 425 2157 ad
456 2093 520 2176 Ap.
548 2092 768 2158 Claudium
794 2093 847 2171 Ill,
875 2093 922 2156 lt.

228 2197 402 2284 Ilstinffl:
428 2200 611 2265 »decedenti
633 2200 711 2264 mihi
734 2201 765 2264 et
785 2201 848 2264 iam
866 2198 999 2282 imperio
1015 2217 1124 2264 annuo
1139 2197 1310 2262 terminato

146 2285 221 2348 ante
235 2283 266 2346 d.
280 2281 414 2346 illnon.
426 2283 520 2354 Sext..
541 2303 614 2347 cum
636 2284 677 2347 ad
697 2282 806 2347 Sidam
828 2283 903 2347 navi
925 2281 1111 2347 accederem
1132 2285 1164 2345 et
1184 2298 1310 2345 mecum

146 2367 184 2444 Q.
206 2364 379 2430 Serviliusl)
399 2370 493 2443 esset,
515 2365 636 2430 litterae
668 2384 689 2430 a
719 2365 796 2430 meis
824 2367 899 2430 sunt
927 2363 1079 2429 redditae.
1111 2363 1175 2428 dixi
1203 2362 1310 2427 statim

146 2447 278 2514 Servilio
299 2481 339 2494 -
362 2448 479 2512 etenim
502 2447 670 2513 videbatur
690 2467 758 2512 esse
781 2450 961 2512 commotus
983 2479 1022 2492 -
1042 2449 1078 2510 ut
1099 2446 1207 2511 omnia
1224 2464 1310 2509 ame

146 2531 270 2596 maiora
292 2534 521 2613 exspectaret«.
562 2531 609 2596 Ex
636 2531 785 2596 universo
814 2530 909 2595 huius
940 2529 1094 2612 epistulae
1122 2531 1311 2609 argumento

146 2617 280 2698 apparet
298 2613 434 2690 litteras,
463 2633 545 2696 quas
569 2612 629 2678 hoc
654 2614 721 2678 loco
739 2612 848 2678 Cicero
869 2633 888 2677 a
909 2613 973 2676 suis
993 2631 1027 2676 se
1049 2611 1204 2694 accepisse
1227 2611 1311 2685 dicit,

146 2715 213 2845 {sse
227 2715 288 2774 eas,
298 2696 413 2844 qutihus
428 2697 566 2842 prtirssum
582 2697 623 2761 de
639 2695 920 2857 factisdDolalEeltlae
935 2698 967 2760 et
975 2693 1097 2792 Tulliae
1110 2694 1311 2777 sponsalibus

175 2799 257 2844 icero
285 2797 456 2844 cariores
508 2797 545 2843 ac
561 2797 607 2843 us.
682 2798 725 2842 uo
769 2798 861 2843 scrrr
900 2797 1074 2853 »amere«,
1102 2797 1141 2841 ex
1169 2796 1207 2841 eo
1236 2795 1311 2841 con·

147 2861 342 2927 cludendum
364 2880 431 2927 esse
452 2861 586 2932 videtur,
607 2881 661 2926 eas
682 2861 803 2925 litteras
820 2881 841 2925 a
861 2859 1011 2925 Terentia
1032 2863 1063 2924 et
1075 2858 1178 2924 Tullia
1199 2859 1311 2924 missas

147 2965 230 3021 esse;
261 2963 299 3009 ac
318 2945 458 3026 prolecto
479 2945 618 3026 primum
641 2944 681 3007 de
703 2942 762 3008 hac
784 2964 819 3007 re
838 2944 987 3007 nuntium
1008 2943 1051 3006 ab
1072 2941 1129 3006 illis
1150 2943 1232 3007 mitti
1251 2961 1312 3024 par

147 3031 225 3092 erat.
274 3027 345 3092 Fuit
370 3029 479 3093 autem
501 3026 665 3091 Dolabella
687 3025 784 3108 Appii
810 3027 1013 3101 accusatore),
1049 3044 1114 3107 qua
1147 3025 1186 3089 de
1215 3043 1312 3090 causa

147 3130 213 3175 non
244 3110 355 3174 iniuria
382 3109 531 3174 Servilius
560 3109 671 3173 audito
700 3109 813 3172 nuntio
842 3108 1112 3173 commovebatur.
1166 3107 1312 3190 Cumque

148 3213 186 3258 ea
213 3212 263 3257 res
296 3193 364 3256 sine
397 3191 495 3257 dubio
522 3191 627 3274 Appio
659 3191 857 3256 odiosissima
886 3195 982 3268 esset,
1016 3189 1175 3256 Ciceronis
1204 3193 1311 3254 autem

147 3275 286 3340 maxime
309 3276 488 3350 interesset,
522 3295 563 3338 ne
584 3274 769 3339 nobilissimi
798 3274 855 3338 viri
882 3275 1018 3355 gratiam
1040 3272 1311 3338 benevolentiam·

147 3378 210 3443 que
239 3358 417 3434 amitteret,
446 3358 514 3420 iure
542 3357 626 3422 hanc
652 3357 694 3421 ad
721 3356 862 3439 Appium
901 3356 1069 3439 epistulam
1104 3355 1314 3420 excusationis

148 3443 278 3526 plenam
309 3440 422 3506 eodem
454 3439 551 3503 etiam
581 3439 634 3503 illo
661 3439 712 3504 die
733 3441 775 3516 (3.
798 3438 899 3516 Sext.)
921 3439 1134 3524 conscriptam
1166 3457 1233 3502 esse
1254 3436 1313 3500 viri

149 3525 232 3590 docti
253 3523 399 3588 statuisse
419 3519 520 3585 videri
540 3525 682 3604 possunt.
723 3522 834 3604 Neque
860 3521 892 3586 id
913 3526 1022 3586 tamen
1044 3540 1172 3604 prorsus
1190 3523 1312 3584 certum

148 3611 205 3673 est.
259 3607 343 3671 Nam
370 3625 436 3670 non
463 3604 560 3668 modo
586 3624 705 3668 novam
735 3605 923 3669 alsmitatem
953 3604 1062 3670 Cicero
1088 3605 1150 3668 hac
1178 3603 1312 3684 epistula

147 3693 292 3765 excusat,
320 3708 431 3752 verum
457 3687 553 3751 etiam
583 3687 754 3769 respondet
771 3688 811 3752 ad
834 3687 931 3770 Appii
954 3688 1090 3762 litteras,
1121 3686 1237 3768 quibus
1262 3685 1312 3749 ille

147 3793 221 3840 eum
247 3772 286 3836 de
307 3770 505 3837 absolutione
526 3768 665 3834 ambitus
695 3769 861 3834 certiorem
890 3770 1008 3835 fecerat
1033 3769 1189 3851 simulque
1216 3768 1312 3852 paulo

217 3998 247 4134 gl)
263 3991 489 4131 §Ardilliuffippxd'i
506 3993 612 4116 ld’Alsia
629 4058 742 4130 negotia
760 4078 868 4116 curasse
883 4060 1000 4123 ridetur,
1018 4060 1182 4133 saepiusque
1189 4065 1313 4120 Ciceroni

150 4133 235 4205 Appii
249 4130 359 4186 litteras
378 4130 513 4195 reddidit;
532 4132 565 4186 cf.
584 4132 620 4185 ad
637 4130 702 4184 farn.
720 4129 767 4195 Ill,
788 4133 829 4194 10,
847 4133 874 4195 2;
894 4130 934 4193 11,
953 4130 976 4184 1.

216 4204 242 4272 c)
260 4201 294 4256 ol.
311 4193 347 4254 ad
365 4200 422 4254 Att.
442 4199 488 4264 Vl,
506 4200 531 4264 6,
551 4199 577 4264 1;
597 4201 633 4255 ad
650 4200 715 4254 lem.
735 4200 770 4266 Η,
791 4200 832 4268 13,
849 4200 866 4252 2
883 4202 957 4264 extr;
979 4197 1053 4264 VIII,
1073 4199 1098 4272 6,
1119 4207 1142 4257 1.
