3220 4946
768 331 903 418 ¹a

299 511 503 596 Interrumpit
526 513 639 580 Cicero
671 514 720 580 his
748 516 852 581 verbis
880 517 1024 582 ordinem
1051 535 1157 584 rerum
1186 538 1206 584 a
1232 539 1266 586 se
1292 524 1466 604 gestarum:

301 615 377 661 nam
398 604 569 680 postquam
592 599 822 681 expositionem
843 619 949 665 rerum
969 620 1098 666 suarum
1121 621 1222 685 usque
1244 603 1286 667 ad
1306 605 1378 669 ad.
1399 603 1464 670 XV.

301 679 361 743 kal.
391 679 470 744 Nov.
499 681 553 760 (=
588 682 634 744 18.
657 679 743 760 Oct.)
777 683 923 764 perduxit
952 684 1030 761 (,ibi‘
1058 719 1099 728 -
1124 704 1166 751 sc.
1189 686 1277 768 apud
1299 686 1399 752 issum
1429 721 1466 732 -

303 762 453 845 ,quinque
464 762 530 827 dies
547 764 672 842 morati,
691 763 813 847 direpto
827 769 858 829 et
870 766 1138 844 vastatoAmano,
1156 767 1231 833 inde
1247 769 1466 848 discessimus,

304 865 332 909 v.
352 845 533 923 tabellam),
561 864 625 909 non
655 848 763 911 statim
791 849 880 912 addit
910 868 949 913 ex
979 848 1036 912 illis
1057 850 1167 914 castris
1188 870 1222 915 se
1243 850 1466 920 Pindenissum

302 948 370 992 esse
390 928 583 1008 proiectum,
605 929 661 992 sed
683 929 807 994 insertis
837 931 966 994 demum
986 931 1043 995 illis
1064 932 1104 996 de
1124 931 1234 997 Cassio
1256 937 1288 998 et
1307 935 1467 999 nonnullis

302 1012 343 1074 de
370 1009 482 1075 Bibulo
514 1012 632 1093 pergit:
665 1030 733 1088 ,nos
766 1013 808 1077 ad
834 1011 1066 1079 Pindenissum‘
1096 1013 1131 1098 (9
1154 1016 1201 1093 5).
1248 1015 1373 1082 Tamen
1400 1037 1467 1085 non

331 1097 393 1158 ost
423 1113 451 1158 a.
473 1094 503 1157 d.
527 1093 593 1158 XV.
615 1094 676 1158 kal.
697 1095 792 1173 Nov.,
822 1095 877 1160 sed
912 1096 999 1161 haud
1030 1097 1128 1179 paulo
1162 1100 1237 1164 ante
1270 1119 1346 1164 eum
1382 1100 1466 1165 diem

299 1115 444 1242 Cassium
477 1177 611 1240 Parthos
644 1178 751 1242 vicisse
787 1183 920 1260 apparet
958 1199 996 1242 ex
1028 1199 1076 1262 ep.
1098 1180 1142 1245 ad
1167 1181 1241 1247 lam.
1262 1179 1330 1260 XV,
1351 1183 1372 1246 4
1395 1183 1414 1266 5
1436 1184 1465 1261 B,

302 1261 356 1323 ubi
386 1260 461 1323 dicit
489 1277 522 1322 se
550 1259 591 1322 ad
615 1261 776 1325 Amanum
808 1282 881 1325 cum
906 1263 1043 1326 venisset
1064 1265 1248 1346 cognovisse
1269 1264 1405 1330 Parthos
1426 1267 1468 1330 ab

303 1341 482 1406 Antiochea
504 1344 685 1420 recessisse,
714 1343 862 1408 Bibulum
887 1344 1084 1410 Antiocheae
1118 1365 1186 1410 esse
1207 1346 1330 1428 (Parthi
1358 1352 1467 1412 autem

302 1429 395 1489 ante
416 1424 518 1488 Bibuli
548 1425 720 1490 adventum
747 1427 820 1490 victi
850 1431 938 1505 suut,
971 1431 1006 1491 ut
1033 1447 1130 1510 supra
1151 1429 1399 1511 demonstravi);
1430 1448 1468 1494 ex

301 1508 418 1572 tabella
441 1528 516 1572 vero
538 1509 684 1590 cognosci
707 1513 826 1592 potest,
855 1507 1039 1574 Ciceronem
1060 1512 1142 1576 inter
1162 1531 1191 1576 a.
1215 1511 1247 1576 d.
1270 1511 1345 1577 VIlI.
1364 1517 1397 1578 et
1418 1513 1467 1577 IV.

301 1591 342 1655 id.
374 1590 445 1656 Oct.
474 1591 526 1668 (=
556 1591 684 1655 8.·19.
714 1590 796 1672 Oct.)
833 1593 874 1656 ad
903 1593 1066 1657 Amanum
1095 1595 1228 1658 venisse.
1287 1595 1350 1660 Vix‘
1372 1596 1467 1677 igitur

302 1677 406 1756 potest
434 1671 590 1751 dubitari,
624 1675 700 1756 quin
730 1675 761 1738 in
788 1694 837 1756 ep.
860 1675 902 1739 ad
923 1674 1065 1740 Atticum
1096 1677 1173 1742 data
1201 1681 1368 1760 propterea
1402 1699 1467 1744 uon

302 1758 384 1822 iusto
408 1757 516 1822 omnia
539 1758 650 1822 ordine
671 1759 863 1835 narraverit,
884 1761 918 1822 ut
939 1758 1035 1840 ipsius
1058 1759 1283 1842 propinquiore
1304 1761 1465 1826 vicinitate

302 1859 368 1904 non
398 1840 474 1903 nihil
495 1839 601 1904 Attico
631 1841 783 1904 commoti
805 1840 916 1905 Parthi
937 1841 1135 1920 viderentur,
1163 1846 1199 1907 ut
1225 1843 1267 1906 ab
1287 1843 1467 1909 Antiochea

301 1923 495 1987 recederent.
554 1921 758 2004 Quamquam
793 1943 856 1987 non
893 1941 1020 2005 prorsus
1051 1924 1147 2001 celat,
1178 1927 1274 1990 antea
1302 1924 1466 1995 victoriam

300 2005 388 2071 illam
409 2009 603 2087 reportatam
625 2025 708 2080 esse;
733 2023 809 2070 nam
832 2025 870 2070 ea
912 2021 974 2070 uae
995 2006 1108 2070 eodem
1130 2007 1210 2084 loco,
1232 2007 1286 2072 ubi
1308 2008 1348 2072 de
1369 2008 1466 2074 Cassii

302 2089 432 2154 victoria
451 2107 555 2152 senno
576 2091 633 2166 est,
653 2093 825 2153 narrantur
847 2090 886 2153 de
933 2087 1019 2153 ibulo
1040 2089 1150 2171 (venit
1171 2090 1296 2155 interim
1318 2091 1464 2167 Bibulus;

301 2220 309 2234 .
334 2219 340 2234 .
365 2221 371 2236 .
395 2170 561 2236 incudem
581 2171 709 2236 Amano
730 2169 833 2253 coepit
858 2169 1010 2235 loreolam
1036 2173 1068 2236 in
1098 2175 1261 2237 mustaceo
1290 2177 1465 2256 quaerere‘)

301 2275 337 2319 ea
362 2259 470 2336 aperte
493 2253 598 2318 Attico
628 2273 757 2337 quoque
789 2253 1052 2318 demonstrabant
1093 2254 1257 2320 victoriam
1288 2256 1329 2321 ad
1357 2259 1465 2338 priora

301 2341 446 2418 tempora
478 2335 679 2402 referendam
710 2356 794 2413 esse;
835 2355 875 2401 ne
899 2354 939 2401 ue
975 2337 1059 2402 enim
1089 2339 1194 2420 potuit
1219 2337 1368 2417 Bibulae,
1410 2341 1465 2424 qui

301 2420 408 2485 Cassio
445 2419 648 2495 succedebat,
683 2419 770 2502 prius
804 2420 845 2484 ad
911 2437 1043 2484 manum
1078 2420 1201 2498 venire,
1235 2439 1333 2504 quam
1369 2441 1465 2488 omne

300 2503 493 2568 Parthorum
524 2502 699 2584 periculum
722 2521 870 2566 aversum
893 2505 983 2566 esset.
1035 2501 1088 2565 Est
1111 2503 1205 2568 tertia
1227 2503 1323 2568 etiam
1350 2505 1389 2570 de
1416 2505 1465 2570 his

301 2587 397 2650 rebus
419 2584 562 2668 epistula,
583 2585 626 2650 ad
645 2582 787 2649 Caelium
810 2586 886 2649 data
907 2582 994 2664 (fam.
1011 2583 1047 2662 Π,
1064 2585 1124 2664 10),
1145 2585 1201 2650 ubi
1221 2586 1304 2651 idem
1326 2588 1464 2653 traditur

301 2672 399 2751 atque
419 2669 451 2732 in
473 2688 522 2750 ep.
536 2667 577 2731 ad
595 2667 751 2733 Catonem
773 2667 840 2744 XV,
852 2667 886 2730 d:
910 2685 992 2743 ,cum
1014 2667 1171 2731 venissem
1190 2668 1234 2733 ad
1247 2663 1463 2735 Amanum...

301 2751 427 2815 Cassius
440 2760 549 2815 noster
569 2799 611 2815 ...
629 2750 756 2814 feliciter
768 2751 810 2815 ab
824 2749 1000 2814 Antiochea
1017 2750 1139 2814 hostem
1153 2750 1315 2829 reiecerat,
1333 2751 1464 2817 Bibulus

302 2835 494 2917 provinciam
504 2835 688 2916 acceperat.
719 2833 862 2915 Apparet
869 2833 971 2914 igilur,
983 2833 1065 2896 inter
1079 2833 1149 2898 idus
1156 2832 1360 2916 Septembres
1373 2837 1461 2914 (nam

300 2938 328 2982 a.
340 2917 370 2980 d.
382 2917 433 2981 Xl.
446 2916 553 2980 hOct.
571 2933 608 2968 =
629 2915 728 2980 aaa
753 2921 773 2979 t
782 2915 891 2981 Cicero
913 2916 1058 2979 nondum
1077 2915 1463 2983 audiveratAntiocheam

301 2998 627 3148 llllillllllst
644 2998 800 3146 alul
818 2997 1463 3178 ‘ll-,lullimitatum

300 3167 443 3244 Parthis,
474 3166 532 3230 hos
561 3170 634 3247 post
670 3164 786 3229 frustra
821 3168 1013 3246 temptatam
1047 3167 1319 3246 oppugnationem
1347 3167 1389 3230 ab
1422 3187 1461 3233 eo

301 3250 419 3332 oppido
445 3248 623 3326 recessisse,
654 3248 830 3310 insecutum
862 3266 916 3311 eos
936 3244 1080 3312 Cassium
1110 3246 1192 3311 bene
1222 3266 1290 3311 rem
1321 3249 1461 3329 gessisse,

300 3333 465 3397 revertisse
487 3329 712 3405 Antiocheam,
740 3329 852 3394 Bibulo
874 3328 1069 3412 provinciam
1100 3329 1282 3408 tradidisse,
1313 3333 1460 3397 nuntium

301 3418 340 3482 de
369 3416 418 3479 bis
443 3413 537 3478 rebus
564 3414 605 3477 ad
622 3411 807 3477 Ciceronem
838 3412 869 3476 in
891 3412 1053 3476 Amanum
1083 3412 1241 3494 perlatum
1269 3431 1345 3477 esse.
1392 3415 1462 3480 Aut

301 3499 396 3581 igitur
422 3497 464 3561 ad
492 3501 660 3560 exeuntem
687 3495 727 3559 Se
751 3496 904 3558 tembrem
935 3498 992 3558 aut
1023 3495 1065 3558 ad
1096 3495 1256 3559 ineuntem
1289 3494 1460 3563 Octobrem

301 3581 432 3666 victoria
453 3580 505 3644 illa
526 3582 573 3642 est
594 3515 769 3642 relerentfa.
798 3576 957 3661 Sequitur,
978 3581 1014 3672 ut
1035 3576 1122 3641 nullo
1143 3577 1239 3673 modo
1262 3577 1329 3643 fieri
1352 3581 1459 3662 possit,

301 3670 336 3729 ut
363 3661 459 3728 Cassii
479 3662 610 3725 litteras
638 3661 781 3724 victrices
815 3660 880 3724 iam
914 3679 1014 3738 ,nome
1042 3659 1242 3724 Octobrrbds‘
1278 3661 1311 3725 in
1346 3667 1459 3727 senatu

300 3749 425 3813 Romae
447 3745 593 3810 recitatas
603 3763 670 3807 esse
684 3743 861 3821 credamus
882 3743 1001 3825 quippe
1018 3761 1098 3824 quas
1112 3742 1164 3805 vix
1185 3745 1260 3806 ante
1280 3761 1355 3810 eum
1375 3745 1458 3810 diem

301 3832 378 3895 dare
399 3828 525 3894 Cassius
547 3825 693 3908 potuerit.
706 3860 744 3869 -
759 3825 828 3890 lam
852 3826 1023 3908 quaeritur,
1046 3845 1110 3907 quo
1133 3824 1227 3888 modo
1249 3825 1320 3891 loco
1340 3829 1458 3893 mederi

301 3913 465 3996 possimus.
493 3910 601 4006 Atque
617 3908 860 3988 Wesenbergius
873 3908 1002 4004 quidem
1014 3907 1217 3971 scribendum
1230 3927 1297 3973 esse
1315 3911 1458 3976 coniecit:

301 4045 309 4073 ,
334 4014 376 4059 uo
398 3998 507 4060 autem
529 3993 578 4056 dre
597 3991 695 4056 Cassii
717 3991 839 4056 litterae
860 3992 1002 4055 victrices
1019 3989 1051 4052 in
1074 3992 1186 4053 senatu
1206 3991 1357 4058 recitatae
1376 3997 1458 4071 sunt,

301 4017 334 4144 ig
355 4082 403 4142 est
419 4076 512 4141 nonis
532 4073 842 4150 Novembribus,
864 4074 976 4139 eodem
991 4091 1082 4137 meae
1104 4073 1172 4148 ...‘;
1191 4075 1223 4138 et
1242 4076 1457 4141 confitendum

302 4164 349 4226 est
368 4159 527 4226 Ciceronis
548 4159 677 4241 quidem
699 4156 867 4238 epistulam
889 4156 970 4221 inter
988 4154 1067 4220 XIII.
1089 4158 1122 4219 et
1141 4153 1191 4220 XI.
1207 4156 1237 4220 k.
1256 4155 1326 4223 Oct.
1349 4158 1456 4224 datam
