3220 4946
864 360 904 424 38

381 539 436 620 Ep.
469 527 511 602 a'd
533 537 674 604 Atticum
696 537 760 614 Vll,
782 538 813 600 2.

379 623 468 686 Haec
490 640 619 704 quoque
640 619 773 704 epistula
793 620 962 688 Brundisio
983 621 1061 688 data
1082 641 1150 685 esse
1171 622 1315 699 videtum
1337 621 1463 690 nuntiat

301 704 386 768 enim
416 703 526 768 Cicero
552 703 658 768 Attico
691 721 725 766 se
749 721 778 767 a.
800 702 832 767 d.
853 702 915 766 Vll.
936 703 966 767 lx.
989 703 1063 768 Dec.
1091 703 1294 768 Brundisium
1324 703 1462 778 venisse;

300 787 341 850 de
361 787 552 869 proiectione
571 785 648 850 nihil
671 784 753 853 dicit.
791 784 885 864 Quod
907 804 983 850 vero
1005 786 1037 850 in
1060 785 1078 868 ἕ
1100 789 1118 854 3
1139 786 1250 854 scribit
1273 785 1462 856 demone:

302 889 381 948 ,sum
403 868 551 934 sollicitus
571 868 808 950 maximamque
827 887 917 964 spem
939 867 1044 934 habco
1064 869 1098 934 in
1111 867 1161 933 M.’
1185 869 1271 935 Curii
1293 867 1463 950 diligentia,

301 953 347 1016 de
368 971 445 1034 qua
470 951 599 1016 adme
621 950 792 1032 scripsit
813 949 925 1025 Tiro‘,
951 950 1025 1016 inde
1047 969 1202 1034 apparere
1225 951 1351 1016 ridetur
1376 971 1465 1016 acce·

301 1035 383 1117 pisse
408 1053 480 1098 eum
503 1032 628 1097 Tironis
654 1032 774 1096 litteras
796 1052 825 1097 a.
846 1033 877 1097 d.
896 1032 932 1098 V.
956 1033 986 1098 k.
1008 1033 1081 1100 Dec.
1112 1035 1252 1113 ,tandem
1281 1033 1465 1118 aliquando‘

263 1117 269 1124 '
300 1118 459 1196 redditam
490 1136 530 1180 ex
549 1135 614 1198 quo
635 1114 769 1180 efficitur
799 1113 882 1182 hanc
908 1135 972 1198 quo
1019 1135 1037 1180 e
1068 1117 1110 1182 ad
1132 1117 1275 1183 Atticum
1297 1115 1466 1200 epistulam

301 1201 397 1283 paulo
428 1203 504 1264 ante
532 1198 643 1263 datam
672 1217 740 1263 esse
766 1217 865 1282 quam
885 1198 973 1262 Brun
1000 1199 1054 1264 'io
1074 1199 1183 1266 Cicero
1203 1200 1466 1282 proficisceretur.

382 1283 452 1346 lure
484 1281 578 1362 igitur
606 1280 704 1344 statui
734 1285 838 1362 potest
880 1282 1052 1366 utramque
1079 1281 1248 1348 cistulam
1277 1283 1349 1348 circ.
1381 1301 1411 1348 a.
1435 1281 1466 1346 d.

302 1365 352 1430 IV.
381 1363 652 1462 abscederem
685 1382 758 1428 esse
792 1362 956 1447 pauloque
984 1369 1055 1448 post
1108 1365 1266 1432 iceronem
1300 1363 1467 1430 Brundisio

302 1466 483 1530 perrexisse.

384 1578 437 1658 31)
465 1575 665 1642 Aeculanum
692 1594 764 1642 cum
791 1573 902 1640 Cicero
933 1577 1070 1652 venisset
1098 1595 1129 1650 a.
1152 1577 1182 1642 d.
1205 1576 1280 1646 ViIl.
1311 1577 1353 1647 id.
1384 1575 1467 1654 Dec,

302 1661 443 1726 redditae
465 1660 493 1724 ei
514 1663 589 1724 sunt
610 1658 706 1723 Attici
729 1658 921 1740 epistulam),
941 1659 1025 1743 qna'e
1047 1679 1157 1724 mense
1177 1659 1351 1725 Novembri
1372 1659 1467 1724 datae

302 1765 370 1810 esse
396 1743 553 1808 videntur.
605 1739 681 1806 Erat
711 1741 796 1805 enim
826 1760 893 1808 una
918 1760 957 1808 ex
986 1743 1021 1806 iis
1050 1744 1205 1826 rescripta
1235 1743 1277 1808 ad
1307 1740 1467 1807 Ciceronis

303 1827 470 1910 epistulam
499 1825 601 1889 idibus
628 1821 820 1891 Octobribus
848 1825 983 1892 Athenis
1006 1825 1117 1893 datam
1146 1824 1216 1902 (Vi,
1238 1827 1291 1904 9),
1316 1825 1351 1892 id·
1406 1824 1465 1889 uod

302 1913 436 1992 apparet
464 1928 503 1974 ex
530 1927 578 1988 ep.
598 1905 668 1984 Vll,
694 1905 713 1970 3
743 1903 824 1988 §10
853 1909 924 1973 coll.
947 1927 1021 1972 cum
1049 1929 1097 1990 ep.
1119 1907 1175 1987 Vl,
1203 1909 1223 1972 9
1253 1907 1322 1990 51.
1377 1847 1468 1986 guae

303 1991 460 2058 Ciceronis
494 1988 629 2072 epistula
665 2006 738 2053 oum
768 1987 895 2056 Saufeio
927 1991 1042 2056 tradita
1077 1995 1174 2070 esset,
1214 2010 1311 2074 quem
1346 1991 1468 2074 tardius

303 2075 413 2142 Cicero
444 2073 485 2138 ad
522 2073 633 2138 urbem
668 2090 871 2138 accessurum
900 2093 968 2138 esse
995 2077 1139 2155 putaret,
1174 2077 1258 2138 certe
1292 2093 1359 2140 non
1393 2076 1468 2138 ante

302 2158 444 2222 medium
473 2154 686 2220 Novembrem
716 2155 822 2222 Attico
866 2156 963 2221 allata
999 2160 1059 2231 est3
1096 2174 1168 2225 nam
1202 2175 1290 2235 ,sane
1328 2159 1466 2222 strenue‘

302 2243 439 2306 Acastus
452 2237 489 2302 at
504 2237 616 2304 diebus
627 2238 688 2308 iter
694 2236 953 2305 RomaAthenas
970 2237 1096 2307 fecerat.
1127 2237 1236 2317 Quare
1250 2257 1362 2307 omnes
1371 2237 1468 2307 Attici

303 2323 457 2406 epistulae
470 2319 625 2388 Aeculani
645 2317 786 2383 Ciceroni
806 2320 948 2388 redditae
971 2341 1080 2386 mense
1093 2321 1265 2388 Novembri
1283 2323 1379 2388 datae
1402 2339 1468 2389 esso

302 2407 459 2482 videntur,
472 2403 658 2485 praesertim
671 2419 745 2466 curn
760 2403 856 2484 paulo
868 2409 954 2482 ante,
977 2405 1048 2472 circ.
1059 2407 1228 2474 exeuntem
1241 2405 1467 2480 Novembrem‚

302 2487 621 2614 Brundisiiffluoque
648 2481 757 2548 Cicero
796 2485 914 2552 multas
941 2487 1039 2552 Attici
1054 2569 1060 2572 .
1075 2487 1195 2552 litteras
1224 2507 1290 2554 uno
1323 2489 1468 2570 tempore

303 2571 457 2653 acceperit
489 2618 496 2632 .

381 2669 449 2734 Iam
481 2688 553 2734 cum
581 2668 614 2732 in
646 2687 695 2748 ep.
719 2666 785 2745 Vll,
807 2667 827 2732 3
847 2667 866 2750 fi
888 2667 909 2730 6
931 2667 975 2731 sic
996 2665 1106 2734 Cicero
1131 2668 1266 2733 scribat:
1300 2687 1396 2747 ,nunc
1430 2699 1467 2716 -

302 2753 367 2818 tere
388 2754 472 2818 enim
495 2750 642 2833 respondi
665 2749 726 2814 tuis
748 2750 858 2814 litteris
886 2750 932 2814 de
953 2769 995 2814 re
1025 2751 1193 2832 publica
1220 2755 1252 2816 et
1276 2751 1312 2816 iis
1334 2751 1467 2832 quasin

305 2835 491 2900 suburbano
520 2839 551 2898 et
581 2833 618 2896 iis
667 2851 725 2896 uas
754 2837 867 2915 postea
897 2833 1045 2915 scripsisti
1068 2869 1107 2880 -
1128 2834 1170 2902 ad
1202 2834 1328 2916 privato
1358 2835 1468 2911 venio,

304 2938 419 2984 unum
441 2919 558 2982 etiam
581 2916 621 2980 de
642 2853 761 2980 Caelio:
782 2919 909 2982 tantum
930 2916 1020 2981 abest
1039 2920 1075 2980 ut
1087 2936 1194 2982 meam
1210 2917 1261 2982 ille
1278 2916 1468 2984 sententiam

304 3004 450 3079 moveat,
477 3003 513 3064 ut
539 2999 632 3063 valde
660 3018 719 3080 ego
744 2998 801 3080 ipsi
830 2999 917 3082 quod
950 2999 990 3063 de
1021 3018 1080 3065 sua
1106 3000 1263 3067 sententia
1287 2998 1468 3074 decesserit,

303 3083 532 3167 paenitendum
566 3084 685 3164 putem‘
708 3117 747 3124 —
770 3100 853 3164 quae
883 3081 982 3146 verba
1008 3081 1076 3146 iure
1105 3083 1292 3164 interpretes
1312 3080 1355 3145 ad
1381 3100 1468 3150 com·

303 3167 514 3234 mutationem
545 3165 684 3246 partium
715 3166 870 3244 pertinere
891 3167 1072 3228 statuerunt
1090 3199 1130 3210 —-
1147 3168 1297 3247 apparet,
1325 3162 1468 3231 Caelium

303 3268 412 3314 mense
443 3247 615 3312 Novembri
643 3246 912 3327 Pompeianorum
949 3250 1056 3327 partes
1093 3248 1241 3312 abiecisse
1276 3253 1375 3330 atque
1411 3263 1469 3332 pro

305 3331 439 3396 Caesare
461 3331 564 3396 tacere
585 3329 733 3410 coepisse.

389 3463 445 3543 33)
466 3463 504 3528 of.
524 3459 588 3539 Vll,
611 3460 630 3524 3
652 3458 671 3543 ἕ
694 3461 730 3540 1;
750 3459 772 3522 4
791 3457 811 3541 ἕ
832 3458 860 3522 2.

388 3595 443 3676 311)
466 3596 505 3660 cf.
527 3593 590 3672 Vll,
614 3591 633 3656 3
657 3589 676 3673 ἕ
700 3592 735 3656 11
758 3594 790 3654 et
810 3593 889 3658 extr.

388 3727 442 3805 35]
465 3726 518 3791 Est
549 3726 582 3790 in
611 3745 659 3808 ep.
676 3722 747 3804 Vll,
774 3721 892 3805 452:
923 3721 1121 3805 ,Pompeium
1149 3722 1212 3787 vidi
1243 3723 1293 3788 IV.
1315 3722 1358 3787 id.
1380 3716 1467 3797 Dec.;

306 3813 425 3877 fuimus
445 3829 510 3874 una
534 3809 629 3873 horas
651 3807 732 3871 duas
753 3805 907 3871 fortasse‘.
957 3805 1052 3883 Quod
1077 3825 1142 3890 quo
1170 3805 1240 3871 loco
1269 3806 1390 3870 tactum
1419 3805 1467 3883 sit,

305 3894 400 3959 statui
422 3893 541 3975 nequit.
579 3891 650 3956 Fuit
669 3889 779 3957 Cicero
800 3907 829 3952 a.
850 3888 880 3951 d.
893 3887 929 3952 V.
942 3888 995 3966 id,
1012 3888 1032 3951 i.
1050 3907 1076 3956 e,
1100 3887 1208 3970 pridie,
1231 3888 1262 3953 in
1276 3888 1466 3965 Trebulano,

307 3978 361 4042 ubi
384 3995 482 4058 quarn
506 3975 560 4038 diu
583 3974 797 4038 commoratus
817 3971 857 4035 sit
878 3971 1049 4052 ignoratur.
1089 3970 1155 4038 Neo
1175 3973 1283 4038 tamen
1304 3970 1467 4042 verisimile

374 4123 404 4262 a
421 4120 482 4245 ia·
500 4122 525 4244 r
543 4127 568 4245 a·
