3220 4946
699 413 737 480 41

226 594 278 676 39)
300 593 339 659 cf.
363 593 406 658 ad
425 594 494 658 Ali.
516 591 579 670 Vll,
600 592 655 677 85
675 595 704 658 5.

224 724 278 806 to)
300 725 340 790 cl.
358 725 433 790 ibid.
455 723 475 807 ἕ
495 725 525 789 4.

224 855 277 935 41)
298 857 425 937 Legitur
445 855 479 919 in
501 877 550 939 ep.
568 856 639 932 Vll,
658 857 678 919 8
699 853 718 936 ὅ
739 856 776 919 4ι
801 856 898 937 ,quod
920 857 1038 938 putasti
1060 856 1137 933 fore,
1159 859 1195 919 ut
1216 859 1307 920 ante·

144 957 241 1019 quam
264 941 344 1002 istuc
367 939 508 1003 venirem
531 939 720 1020 Pompeium
742 939 900 1016 viderem,
930 938 1049 1002 factum
1072 942 1119 1002 est
1139 941 1201 1002 ita:
1229 957 1307 1003 narn

144 1021 192 1085 Vl.
214 1021 277 1100 kal,
298 1023 339 1086 ad
369 1023 561 1086 Lavernium
593 1024 783 1087 consecutus
812 1026 875 1096 est;
908 1040 972 1085 una
994 1021 1135 1086 Formias
1162 1021 1308 1084 venimus

143 1109 176 1168 et
204 1104 246 1168 ab
274 1103 351 1168 hora
373 1109 487 1168 octava
509 1105 552 1168 ad
577 1124 745 1186 vesperum
769 1108 889 1168 secreto
911 1104 1056 1168 collocuti
1077 1123 1197 1167 sumus
1219 1104 1308 1184 quod

142 1188 269 1268 quaeris
298 1207 324 1251 e.
347 1208 378 1271 q.
400 1190 436 1251 s.‘
488 1186 521 1250 ln
555 1186 615 1269 §l
645 1187 753 1252 Cicero
785 1187 896 1250 invitat
926 1187 1066 1250 Atticum
1100 1190 1152 1264 ut,
1182 1187 1207 1249 si
1240 1189 1308 1250 sine

143 1270 346 1334 incommodo
367 1269 556 1334 valetudinis
575 1287 653 1333 suae
673 1269 738 1333 fieri
761 1270 874 1350 possit,
908 1289 936 1332 a.
960 1269 991 1332 d.
1012 1269 1062 1333 Ill.
1085 1288 1161 1333 non.
1183 1269 1250 1333 lan.
1274 1271 1307 1333 in

143 1352 271 1417 Albano
294 1373 328 1417 se
350 1353 527 1417 conveniat.
550 1353 631 1416 Sunt
652 1353 746 1433 igitur
767 1352 893 1416 termini
915 1353 964 1414 25.
982 1351 1129 1416 Dee-2.
1145 1352 1214 1418 Jan.
1244 1351 1307 1416 Sed

143 1439 213 1498 tota
241 1436 375 1516 epistula
403 1437 447 1499 sic
468 1439 513 1498 est
536 1435 668 1518 scripta,
698 1439 734 1498 ut
763 1434 853 1499 facile
884 1434 994 1498 credas
1017 1453 1088 1498 cam
1110 1435 1216 1500 statim
1238 1438 1308 1516 post

143 1517 219 1580 illud
250 1536 322 1581 cum
344 1518 497 1600 Pompeio
526 1517 720 1600 colloquium
753 1519 863 1580 datam
885 1537 964 1594 esse,
992 1521 1048 1580 aut
1070 1518 1191 1600 vesperi
1212 1519 1308 1581 etiam

145 1601 286 1663 eiusdem
310 1601 371 1665 diei
392 1605 448 1664 aut
470 1620 567 1664 mane
589 1619 618 1663 a.
641 1601 672 1664 d.
694 1601 730 1663 V.
749 1601 811 1663 kal.
832 1601 900 1665 lan.
943 1599 1057 1664 Utrum
1081 1621 1118 1664 ex
1139 1600 1308 1666 Formiano

144 1702 185 1746 an
205 1682 336 1746 Formiis
356 1685 452 1746 missa
475 1684 530 1758 sit,
561 1681 723 1747 diiudicari
745 1684 869 1766 nequit3
899 1701 1098 1779 quamquam
1122 1682 1307 1746 Ciceronem

144 1765 279 1828 voluisse
302 1766 430 1830 ultimos
452 1766 528 1829 anni
543 1765 605 1828 704
625 1766 692 1829 dies
709 1765 899 1830 commorari
912 1784 945 1828 rn
961 1765 1141 1844 Formiano,
1164 1765 1310 1840 concludi

144 1849 239 1912 debet
262 1868 300 1912 ex
322 1869 370 1931 ep.
392 1847 454 1926 Vll,
477 1851 497 1911 5
519 1846 538 1929 g
560 1848 588 1910 3.

225 1977 283 2058 ln)
305 1979 353 2043 Ne
381 1980 466 2043 hanc
494 1981 623 2062 quidem
649 1978 817 2061 epistulam
839 1978 924 2058 (Vll,
946 1977 979 2059 9)
996 1977 1099 2042 multo
1119 1984 1194 2062 post
1215 1978 1310 2044 collo-

145 2062 255 2144 quium
273 2081 372 2144 supra
387 2066 672 2126 commemoratum
685 2061 837 2142 scriptam
856 2081 924 2125 esse
940 2062 1123 2125 universum
1139 2081 1310 2143 argumen-

144 2148 213 2208 tum
235 2144 336 2208 docet.
386 2143 478 2209 Certe
496 2145 604 2208 Cicero
627 2162 700 2207 cum
722 2163 793 2208 eam
823 2144 945 2226 scripsit
966 2145 1109 2209 nondum
1133 2145 1174 2210 ad
1198 2147 1309 2209 urbem

143 2232 357 2309 processerat,
390 2228 420 2292 id
451 2228 537 2311 quod
564 2233 697 2310 apparet
720 2225 795 2307 ex§
821 2227 847 2289 1.
899 2227 981 2291 Sunt
1009 2227 1104 2308 igitur
1124 2229 1250 2293 termini
1273 2228 1310 2292 V.

144 2310 205 2374 kal.
233 2313 264 2373 et
292 2309 339 2375 lll.
369 2330 445 2374 uon.
475 2310 543 2374 lan.
571 2322 622 2389 t:
658 2309 706 2372 26.
734 2309 895 2372 Dea—3.
923 2309 1024 2390 lan.);
1054 2329 1129 2374 narn
1160 2330 1205 2392 pr.
1234 2329 1309 2374 non.

143 2392 254 2458 Cicero
275 2395 311 2455 ut
332 2393 475 2458 voluerat
497 2392 538 2457 ad
561 2391 674 2455 urbem
698 2396 766 2455 erat
789 2390 841 2472 (el.
864 2390 939 2457 fam.
961 2391 1051 2470 XVI,
1076 2393 1131 2471 11,
1154 2393 1197 2472 4).
1246 2393 1310 2457 Sed

144 2475 277 2551 ,cotidie‘
290 2474 376 2553 illud,
399 2474 485 2558 quod
504 2477 536 2538 in
559 2474 646 2538 initio
662 2475 817 2556 epistulae
837 2474 961 2555 legitur,
986 2474 1074 2539 haud
1097 2475 1193 2540 dubie
1215 2476 1310 2557 signi·

144 2558 240 2622 ficare
258 2557 396 2637 videtur,
419 2559 571 2640 postridie
593 2559 788 2640 superiorem
812 2576 883 2638 ep,
902 2559 928 2621 si
951 2558 1080 2641 quidem
1104 2559 1191 2623 nulla
1213 2559 1310 2622 inter-

144 2641 229 2718 cidit,
250 2640 334 2707 hanc
356 2644 465 2706 datam
487 2660 563 2719 esse,
586 2641 605 2703 i.
628 2659 654 2704 e.
677 2639 727 2703 lV.
744 2639 803 2704 kal.
827 2639 896 2704 lan.

226 2771 280 2856 43)
302 2771 431 2838 Circiter
457 2774 526 2838 idus
558 2773 748 2838 Decembres
776 2772 886 2838 Cicero
922 2773 1125 2841 constituerat
1158 2771 1310 2838 accedere

145 2856 186 2920 ad
215 2858 327 2922 urbem
354 2876 383 2921 a.
406 2858 436 2921 d.
459 2854 508 2921 ΙΙΙ.
530 2876 604 2920 non.
627 2857 718 2921 lanf)
764 2857 869 2921 Voluit
897 2860 1005 2921 autem
1037 2857 1081 2921 ita
1107 2857 1166 2920 iter
1197 2856 1309 2934 lacere,

145 2943 181 3003 ut
203 2959 252 3021 pr.
272 2940 332 3004 kal.
352 2939 421 3004 lan.
443 2941 483 3004 de
510 2939 679 3004 Formiano
702 2939 908 3004 Tarracinam
940 2938 1205 3020 proficisceretur,
1237 2939 1311 3003 inde

145 3022 309 3102 (kallan.)
324 3023 356 3085 in
371 3022 578 3106 Pomptinum
615 3026 746 3102 ergeret
768 3021 883 3086 deinde
904 3021 969 3104 (IV.
980 3021 1067 3100 non.)
1091 3021 1133 3086 ad
1146 3022 1309 3086 Albanum

145 3104 275 3187 Pompei
299 3105 530 3182 deverteretur,
560 3125 579 3169 a
629 3104 742 3168 urbem
771 3105 934 3169 accederet
962 3122 993 3168 a.
1014 3105 1046 3168 d.
1064 3104 1113 3168 lIl.
1133 3124 1225 3181 non,
1255 3105 1310 3188 qui

145 3190 215 3252 erat
230 3188 325 3270 ipsius
339 3186 405 3251 dies
420 3188 569 3254 natalisll.
601 3186 696 3265 Quod
712 3195 821 3252 tamen
836 3187 1002 3251 consilium
1018 3192 1130 3271 postea
1143 3186 1310 3270 paululum

145 3273 276 3350 mutare,
292 3269 436 3335 animum
458 3271 598 3336 induxit:
629 3270 763 3335 venisset
789 3269 888 3348 enirn,
915 3271 941 3334 si
962 3271 1007 3334 ita
1027 3271 1086 3335 iter
1106 3270 1261 3346 fecisset,l
1275 3268 1309 3333 in

144 3353 308 3418 Albanum
330 3373 358 3418 a.
381 3352 411 3417 d.
431 3352 482 3417 IV.
503 3373 596 3432 non,
617 3353 667 3417 die
689 3352 898 3434 compitalicio
910 3373 920 3429 3
947 3372 1062 3434 quare,
1093 3373 1135 3418 ne
1156 3353 1309 3417 molestus

146 3434 284 3500 familiae
292 3437 422 3514 veniret,
443 3437 594 3519 postridie
607 3434 673 3500 eius
682 3435 753 3514 diei,
770 3435 839 3499 ad.
849 3434 994 3514 Illnon,
1010 3436 1173 3501 Albanum
1185 3433 1309 3516 ingredi

145 3519 256 3583 statuit
277 3523 309 3583 et
330 3520 372 3583 ad
390 3519 500 3583 urbem
524 3517 674 3584 accedere
695 3539 741 3600 pr.
764 3518 870 3583 non.⁰>.
908 3520 1014 3601 Atque
1034 3521 1080 3584 ita
1097 3518 1217 3583 facturn
1240 3537 1309 3581 esse

145 3601 205 3666 iter
234 3602 307 3666 inde
336 3605 469 3684 apparel
489 3602 576 3698 quod
595 3620 705 3665 revera
726 3599 834 3666 Cicero
858 3621 904 3682 pr.
928 3620 1002 3666 non.
1021 3603 1065 3668 ad
1086 3601 1199 3665 urbem
1221 3599 1308 3664 venit

147 3687 189 3762 (v.
209 3685 281 3764 44).
333 3685 407 3749 Sine
429 3684 527 3749 dubro
547 3685 642 3766 igitur
662 3703 727 3748 non
749 3704 796 3766 pr.
818 3683 878 3748 kal.
900 3683 969 3748 lan.
990 3685 1046 3748 sed
1068 3684 1142 3767 ipsis
1162 3683 1306 3750 kalendis

147 3767 187 3830 de
207 3767 377 3834 Formiano
399 3768 557 3850 profectus
578 3770 634 3832 est.

228 3899 282 3979 44)
304 3900 342 3965 cl.
363 3901 405 3966 ad
425 3901 500 3966 iam.
521 3900 602 3980 XVl,
623 3898 658 3964 11
679 3897 699 3981 ἕ
720 3897 748 3963 4.

146 4031 340 4043 ...—-——-—

216 4097 244 4164 a)
263 4093 298 4148 ad
316 4094 376 4151 Ati.
395 4095 454 4160 VII,
472 4095 488 4148 4
505 4097 575 4149 extr.

216 4165 246 4234 b)
265 4162 325 4228 VII,
343 4165 368 4230 5,
385 4164 410 4218 3.

218 4239 245 4304 c)
264 4233 324 4300 VH,
343 4233 367 4300 V,
386 4237 414 4300 3;
432 4234 457 4298 8,
474 4231 498 4286 2.
