3220 4946
893 393 932 458 18

324 574 441 640 Bruto:
475 570 569 650 ,idem
603 573 719 656 quarto
750 572 782 636 et
809 572 1003 654 sexagesimo
1032 591 1134 653 auno,
1163 574 1384 658 perpaucis
1415 578 1489 642 ane

326 658 462 722 mortem
483 654 607 734 diebus,
640 673 706 718 una
732 657 839 718 tecum
861 673 1007 720 socerum
1029 655 1121 722 tuum
1144 656 1285 723 defendit
1305 658 1357 742 Ap
1372 658 1489 756 ,ium‘¹t
1583 669 1584 678 ’

325 741 433 822 Atque
456 756 521 802 non
543 741 640 802 ante
662 756 691 802 a.
713 735 744 800 d.
765 735 815 800 ΙΠ.
836 755 910 802 non.
932 738 1017 804 Sext.
1038 737 1134 804 Caelii
1156 740 1326 823 epistulam
1381 744 1488 810 ceroni

325 821 485 888 redditam
515 839 601 898 esse,
638 819 729 884 facile
759 819 969 886 demonstrari
997 825 1116 905 potest:
1156 827 1225 887 erat
1262 825 1347 888 enim
1384 827 1416 891 in
1450 845 1489 892 ea

324 905 455 970 nuntius
475 903 515 968 de
532 903 622 968 lactis
637 902 820 967 Dolabellae
841 906 872 968 et
880 903 1002 969 Tulliae
1022 905 1239 987 sponsalibus3
1261 907 1301 970 de
1322 907 1358 972 iis
1380 911 1488 974 autem

325 988 434 1053 Cicero
450 1007 479 1052 a.
499 985 529 1049 d.
546 985 593 1049 lII.
615 1003 691 1049 non.
713 984 798 1050 Sext.
819 985 913 1051 Sidae
941 987 1072 1052 demum
1101 989 1215 1053 certior
1241 988 1345 1054 factus
1366 994 1413 1056 est
1434 1011 1491 1073 per

325 1070 444 1136 litteras
466 1087 607 1148 suorum,
629 1067 660 1132 id
704 1068 768 1133 uod
787 1069 987 1151 cognoscitur
1002 1090 1041 1135 ex
1060 1091 1110 1154 ep.
1132 1071 1174 1136 ad
1195 1071 1270 1136 iam.
1291 1072 1340 1152 III,
1364 1074 1402 1138 1a
1421 1073 1489 1156 θὼς

325 1152 439 1237 quodsi
471 1151 524 1216 illo
552 1151 602 1215 die
629 1088 818 1216 alqerentia
844 1154 876 1216 et
896 1151 1000 1218 Tullia
1032 1157 1158 1218 tantum
1189 1154 1229 1219 de
1259 1174 1299 1219 ea
1324 1173 1359 1220 re
1380 1155 1490 1223 Cicero

324 1237 445 1301 litteras
478 1235 614 1316 accepit,
653 1231 751 1298 Caelii
792 1233 928 1316 epistula
962 1235 1100 1302 eundem
1136 1237 1288 1304 nuntium
1322 1240 1490 1305 continens

325 1324 435 1403 postea
465 1317 594 1382 demum
624 1314 766 1381 Ciceroni
795 1317 893 1382 allata
926 1321 990 1395 est;
1027 1339 1066 1384 ex
1097 1339 1161 1404 quo
1195 1321 1352 1404 sequitur,
1380 1342 1421 1389 ne
1448 1323 1490 1388 de

324 1402 532 1550 fm'pinquaSe
533 1399 662 1548 quidem
685 1398 843 1464 Hortensii
873 1405 976 1466 morte
998 1400 1184 1468 Ciceronem
1212 1407 1282 1467 tum
1312 1405 1486 1489 quicquam

336 1504 444 1566 egisse.

572 1483 623 1547 iao
640 1481 737 1548 Caelii
757 1483 926 1564 epistulam
947 1484 1041 1550 fuisse
1062 1486 1144 1550 inter
1165 1502 1220 1550 eas
1242 1486 1377 1568 litteras,
1408 1508 1490 1572 quas
1583 1533 1584 1538 κ

324 1589 353 1634 a.
376 1569 406 1632 d.
425 1567 473 1631 lll.
495 1585 570 1631 non.
592 1565 678 1630 Sext.
701 1564 797 1630 Sidae
816 1565 926 1631 Cicero
948 1567 1211 1650 desponsalibus
1233 1589 1263 1647 ,a
1284 1571 1359 1634 suis‘
1379 1591 1414 1635 se
1434 1591 1490 1637 ao·
1583 1589 1584 1600 ¹

456 1649 562 1797 razn
584 1649 664 1795 ar
688 1648 1425 1802 irritumrtemann
1448 1659 1489 1802 r

325 1817 424 1883 tutam
449 1803 683 1897 conscripserit:
704 1815 773 1877 fieri
795 1833 932 1896 posse,
960 1817 1106 1899 inquam:
1135 1836 1210 1882 nam
1233 1822 1303 1884 erat
1325 1757 1487 1888 Ciceropin

323 1901 451 1978 itinere,
482 1899 524 1962 ad
553 1898 661 1962 Sidam
690 1899 763 1961 navi
790 1899 956 1963 accessisse
986 1899 1111 1964 videtur
1140 1903 1176 1964 ut
1199 1900 1242 1964 ihi
1263 1907 1486 1984 pernoctarem

275 2016 278 2026 ·
324 2002 423 2067 quam
455 1982 496 2045 ob
533 2000 600 2045 rem
633 1981 735 2043 multo
772 1983 820 2044 est
848 1981 1061 2060 verisimilius,
1097 2000 1170 2046 eum
1198 2001 1264 2047 non
1295 1985 1337 2049 ad
1365 1985 1486 2066 Sidam,

323 2067 379 2131 sed
401 2063 509 2148 paucis
529 2063 640 2128 diebus
661 2065 741 2145 post,
763 2082 835 2127 cum
851 2063 958 2128 Rhodi
980 2065 1179 2144 constitisset,
1202 2066 1369 2149 epistulam
1380 2067 1487 2134 Attico

323 2150 494 2231 scripsisse.
543 2145 609 2210 Iam
643 2145 720 2209 illud
750 2146 945 2226 consideres,
982 2166 1060 2211 num
1094 2147 1184 2212 facile
1215 2150 1346 2230 cogitari
1378 2153 1485 2234 possit,

324 2232 508 2298 Ciceronem
531 2229 582 2293 illo
596 2227 690 2292 Caelii
714 2230 827 2293 nuntio
848 2227 1015 2310 (animam
1029 2230 1169 2312 agebat‘)
1191 2238 1387 2298 commotum
1408 2255 1484 2313 esse,

323 2319 359 2380 ut
385 2313 490 2380 Attico
516 2312 596 2376 haec
625 2311 711 2375 nude
738 2313 836 2376 verba
861 2313 1028 2377 scriberet:
1065 2314 1116 2391 ,de
1142 2313 1311 2380 Hortensio
1344 2320 1375 2381 te
1399 2322 1485 2383 certo

324 2400 387 2462 scio
410 2395 533 2474 dolere,
567 2394 713 2477 equidem
737 2394 916 2459 excrucior:
942 2395 1107 2462 decreram
1133 2397 1218 2461 enim
1240 2417 1312 2463 eum
1333 2419 1372 2463 eo
1393 2401 1484 2465 valde

324 2477 649 2546 familiaritervivere‘.
682 2476 795 2541 Nonne
807 2480 907 2623 flutas
928 2498 1000 2543 eum
1020 2498 1085 2544 uno
1094 2479 1204 2544 sellem
1224 2481 1320 2546 verbo
1331 2482 1484 2548 indicasse

322 2583 356 2629 se
377 2562 527 2628 nuntium
548 2559 588 2625 de
605 2561 785 2642 propinqua
838 2562 965 2625 ortensii
993 2566 1096 2626 morte
1119 2564 1300 2645 accepisse?
1331 2565 1484 2649 Equidem

322 2667 387 2711 non
420 2645 547 2723 dubito,
581 2643 659 2726 quin
687 2642 830 2707 futurum
856 2662 921 2708 non
951 2644 1045 2710 fuerit
1075 2647 1110 2710 ut
1134 2644 1244 2711 Cicero
1277 2647 1357 2712 haec
1386 2651 1483 2716 verba

305 2731 482 2808 scriberet,
502 2727 562 2790 nisi
583 2729 732 2790 accurate
754 2727 794 2790 de
815 2724 975 2792 Hortensii
998 2731 1100 2792 morte
1122 2728 1254 2793 edoctus
1276 2735 1358 2794 esset
1378 2734 1481 2797 existi·

322 2815 504 2894 massetque
527 2809 670 2874 Atticum
699 2828 826 2894 quoque
862 2810 902 2874 de
931 2829 970 2876 ea
999 2830 1033 2875 re
1060 2812 1226 2876 certiorem
1259 2831 1326 2877 esse
1353 2815 1483 2880 factum.

321 2895 421 2974 Quin,
459 2894 485 2958 si
516 2892 753 2958 consideramus
790 2891 974 2958 Ciceronem
1008 2913 1047 2958 ea
1079 2894 1232 2976 epistulae
1261 2900 1367 2978 parte,
1400 2918 1483 2982 quae

321 2979 465 3062 proxime
485 2975 563 3040 baec
583 2975 682 3040 verba
706 2975 875 3054 antecedit,
903 2979 1013 3059 aperte
1034 2978 1225 3060 respondere
1247 2979 1290 3043 ad
1309 2980 1405 3046 Attici
1427 2982 1483 3046 ali·

322 3081 421 3146 quarn
442 3057 626 3142 epistulam,
647 3059 718 3123 iure
738 3058 871 3123 tortasse
892 3059 988 3124 statui
1009 3062 1122 3141 potest,
1145 3061 1241 3126 etiam
1264 3061 1304 3126 de
1324 3062 1483 3130 Hortensii

321 3148 426 3210 morte
458 3143 492 3206 in
525 3141 578 3206 illa
596 3142 692 3207 Attici
717 3141 851 3224 epistula
876 3143 1028 3224 seriptum
1049 3143 1160 3208 fuisse:
1191 3143 1235 3208 sic
1258 3143 1342 3208 enim
1364 3147 1483 3229 optime

321 3226 520 3308 intellegitur,
542 3243 599 3289 cur
619 3227 686 3290 tam
708 3225 817 3308 paucis
829 3223 934 3289 verbis
950 3228 1048 3307 atque
1063 3227 1154 3307 quasi
1165 3226 1357 3307 praeteriens
1371 3228 1482 3295 Cicero

320 3312 405 3376 hane
426 3328 495 3374 rem
516 3307 662 3388 attigerit.
692 3307 815 3386 Quibus
834 3307 982 3372 omnibus
1003 3309 1035 3372 in
1058 3327 1159 3373 unum
1176 3310 1314 3375 collectis
1331 3312 1482 3392 adducor,

321 3397 357 3460 ut
385 3390 481 3476 paulo
510 3389 719 3457 confidentius
751 3391 836 3456 hane
864 3390 907 3456 ad
929 3391 995 3456 Ait.
1024 3391 1194 3472 epistulam
1222 3393 1340 3459 Rhodo
1371 3395 1481 3462 datam

322 3497 390 3542 esse
410 3478 559 3540 statuam.

405 3583 467 3667 Ep.
489 3581 538 3647 ad
558 3578 600 3645 M.
625 3578 801 3646 Caelium
823 3579 868 3660 ΙΙ,
901 3581 955 3646 15.

403 3691 496 3757 Hanc
523 3706 652 3772 quoque
672 3707 690 3752 e
713 3687 840 3752 istulam
858 3687 966 3756 Cicero
986 3692 1098 3773 postea
1119 3689 1207 3756 dedit
1227 3709 1326 3776 quam
1347 3689 1389 3758 de
1407 3713 1481 3777 pro·

321 3775 426 3842 vincia
449 3771 597 3849 decessit;
620 3770 666 3867 cl..
681 3708 747 3853 §42
766 3790 835 3854 ,ego
855 3771 895 3836 de
914 3773 1078 3856 provincia
1099 3773 1255 3838 decedam
1275 3779 1480 3857 quaestorem

321 3859 463 3926 Coelium
499 3873 668 3940 praeposur
695 3853 897 3936 provinciae‘.
953 3856 1138 3939 Respondet
1171 3859 1279 3921 autem
1314 3857 1356 3923 ad
1385 3858 1481 3924 Caelii

320 3941 488 4027 epistulam
510 3938 588 4019 Vlll,
607 3936 659 4016 13,
694 3955 758 4018 qua
795 3937 847 4001 ille
881 3939 1039 4021 sponsalia
1068 3938 1244 4020 gratulatus
1271 3943 1349 4006 erat.
1399 3941 1477 4007 Eam

322 4029 415 4093 ante
437 4042 466 4087 a
486 4020 575 4086 affl.
596 4040 671 4086 non.
681 4019 766 4086 Sext.
781 4017 923 4087 Cicemni
941 4021 1073 4087 allatam
1094 4041 1162 4087 esse
1183 4041 1249 4088 non
1268 4042 1362 4107 posse
1382 4042 1479 4109 supra

316 4157 514 4177 Μ

389 4231 417 4301 a)
435 4227 490 4284 Cic.
509 4225 586 4280 Brut.
605 4224 646 4290 94,
664 4223 729 4290 324;
748 4223 781 4280 of.
800 4223 887 4278 etiam
905 4224 946 4292 64,
964 4224 1023 4280 230.
