3220 4946
838 421 857 484 2

333 691 339 704 .
415 691 422 706 .
483 642 616 707 Athenis
636 643 721 706 dedit
738 661 786 725 ep.
806 643 847 707 ad
869 643 934 707 Att.
956 643 1006 722 VI,
1027 645 1108 724 9¹⁸).

332 801 339 814 .
376 799 378 802 -
483 750 626 814 Indidem
641 749 723 814 misit
736 768 807 833 epp.
817 749 858 814 ad
871 750 937 814 Att.
946 749 1008 828 Vll,
1033 751 1059 828 1,
1081 751 1124 816 ad
1132 749 1259 816 Terent.
1267 749 1430 829 XIV‚5¹⁴).

481 856 582 920 Paulo
602 859 675 938 post
696 855 829 919 Athenis
850 857 1011 938 proiectus
1033 860 1081 921 est
1092 855 1144 940 ¹⁵).
1501 875 1506 886 ·

482 960 606 1044 [Mense
621 961 751 1027 Octobri
772 961 935 1027 Dolabella
956 967 987 1028 et
1009 963 1112 1028 Tullia
1134 965 1315 1046 coniugium
1335 966 1430 1030 inisse

522 1066 684 1150 videntur]
697 1068 745 1150 ¹⁶).

414 1223 420 1237 .
484 1175 586 1240 Patris
607 1173 715 1240 Cicero
736 1175 886 1240 Tironem
908 1178 1074 1257 aegrotum
1096 1177 1222 1261 reliquit
1233 1175 1282 1258 Π).

375 1305 390 1339 r
481 1284 526 1348 Ex
548 1283 749 1364 navigatione
770 1283 853 1346 misit
875 1283 915 1345 ad
938 1303 1011 1346 eum
1032 1302 1082 1365 ep.
1099 1283 1178 1361 XVI,
1204 1284 1286 1366 1¹⁸).

481 1391 623 1474 Alyziam
645 1391 774 1454 accessit
788 1391 835 1465 19).

482 1497 528 1562 lbi
549 1497 659 1575 Qumti
681 1498 782 1562 fratris
804 1497 978 1560 adventum
1000 1499 1210 1580 exspectavit,
1241 1499 1426 1582 scripsitque

523 1605 565 1668 ad
585 1603 736 1669 Tironem
758 1625 807 1686 ep.
829 1603 907 1680 XVI,
930 1603 1015 1686 22⁰).

481 1711 590 1794 Alyzia
612 1711 815 1793 proficiscens
837 1711 923 1774 dedit
942 1731 990 1793 ep.
1012 1711 1053 1776 ad
1075 1711 1138 1775 Tir.
1155 1711 1235 1790 XVI,
1257 1713 1285 1775 3.
1307 1712 1427 1777 Eodem

522 1819 572 1882 die
593 1818 770 1882 Leucadem
795 1815 944 1898 venun).
1094 1881 1098 1889 ,

298 1913 326 1976 7·
371 1935 387 1970 s
453 1927 456 2022 y
481 1925 626 1990 Leucade
647 1925 732 1988 misit
754 1944 802 2007 ep.
825 1924 902 2001 XVI,
925 1925 961 1999 I;
984 1924 1096 1990 codem
1116 1924 1166 1987 die
1187 1941 1258 1988 cum
1286 1925 1426 2007 proficis·

518 2036 641 2097 ceretur
668 2032 754 2096 dedit
778 2051 827 2113 ep.
857 2031 944 2108 XVI,
967 2033 1004 2112 53
1034 2032 1158 2113 vesperi
1188 2031 1316 2096 Actium
1341 2034 1427 2097 venit

518 2140 655 2221 indeque
677 2139 760 2203 misit
783 2159 831 2221 ep.
852 2137 932 2216 XVI,
955 2138 1035 2218 62²).

476 2247 560 2311 Actii
581 2249 709 2328 propter
731 2249 953 2327 tempestatem
975 2249 1118 2309 moratus
1139 2242 1248 2326 est23).

477 2353 568 2418 Aeno
589 2353 749 2435 protectus
769 2351 942 2442 Corcyram
963 2352 1049 2416 vemt
1059 2349 1109 2432 84).

295 2493 301 2507 ·
387 2469 424 2507 ·”
478 2457 636 2542 Corcyrae
656 2458 757 2522 ventis
777 2463 917 2522 retentus
939 2457 1045 2538 cst25).
1184 2477 1190 2490 ·

478 2566 617 2650 Corcyra
643 2566 730 2630 dedit
758 2565 799 2628 ad
821 2565 883 2628 Tic
904 2584 952 2646 ep.
972 2563 1052 2642 XVI,
1073 2563 1107 2640 73
1136 2565 1208 2644 post
1233 2563 1351 2638 datam,
1372 2581 1421 2644 ep.

516 2675 548 2738 in
570 2677 696 2755 portum
712 2672 962 2756 Corcyraeorum
977 2671 1019 2735 ad
1027 2669 1199 2752 Cassiopen
1213 2667 1421 2752 processura.

474 2780 519 2845 lbi
538 2783 640 2844 ventis
660 2784 802 2844 retentus
820 2779 923 2857 est²⁷).

475 2887 552 2952 Post
569 2906 684 2952 cenam
704 2887 864 2970 profectus
886 2885 995 2964 estut:

313 3027 321 3042 ·
365 3005 380 3032 '‘
472 2996 675 3080 Hydruntem
700 2993 901 3076 pervenire).

313 3134 321 3151 ·
366 3113 381 3140 »
472 3103 674 3167 Brundisium
706 3102 792 3165 veuit
824 3101 904 3164 hora
932 3096 1060 3182 quarta3
1097 3099 1139 3162 ibi
1169 3117 1241 3162 cum
1270 3097 1420 3162 Terentia

513 3229 610 3274 uxore
632 3227 818 3289 congressus
840 3210 887 3270 est
898 3206 948 3286 ⁸⁰).

327 3348 334 3363 ·
366 3322 381 3356 ‘³
471 3317 637 3382 Brundisio
659 3316 745 3380 dedit
769 3334 818 3396 ep.
834 3314 876 3377 ad
887 3313 950 3376 Tir.
959 3312 1038 3390 XVI,
1062 3313 1091 3390 9,
1114 3312 1155 3376 ad
1172 3312 1236 3376 Att.
1254 3311 1316 3390 VH,
1338 3311 1365 3373 B.
1380 3344 1420 3352 —

514 3424 632 3488 Eodem
654 3423 705 3487 die
725 3421 774 3486 vel
797 3420 894 3504 paulo
916 3423 987 3502 post
1001 3419 1161 3502 protectus
1183 3419 1285 3499 estffl).

473 3529 593 3613 [Mense
611 3529 782 3595 Novembri
801 3527 841 3592 M.
853 3527 978 3592 Caelius
993 3526 1097 3591 Rufus
1117 3527 1188 3591 aed.
1200 3545 1264 3590 cur.
1274 3523 1418 3589 Caesaris

513 3641 620 3720 partes
641 3636 788 3719 amplecti
810 3632 990 3716 coepitlffll.

470 3745 579 3811 Cloero
593 3743 791 3809 Aeculanum
812 3741 964 3824 pervenit.
987 3775 1027 3786 -
1050 3738 1184 3820 [Eodem
1202 3738 1262 3815 die,
1282 3736 1415 3818 vesperi,

511 3852 632 3916 Hirtius
653 3871 672 3915 a
694 3850 830 3914 Caesare
852 3849 964 3912 missus
983 3849 1122 3912 Romam
1144 3843 1244 3926 venit]
1253 3843 1310 3924 38).

309 4009 316 4024 .
360 3985 376 4014 »
470 3960 516 4024 Ex
532 3958 715 4024 Trebulano
726 3956 789 4022 Cic.
801 3956 888 4020 dedit
906 3975 954 4037 ep.
964 3955 1005 4018 ad
1026 3954 1095 4017 Att.
1105 3953 1167 4030 VII,
1192 3953 1220 4030 3,
1242 3953 1361 4035 inqua
1383 3971 1417 4015 se

510 4067 630 4131 litteras
652 4087 672 4130 a
692 4064 792 4129 Balbo
813 4067 844 4128 et
866 4062 1000 4127 Caesare
1021 4060 1178 4142 accepisse
1199 4059 1354 4140 significat
1366 4057 1416 4138 ³⁴).

470 4171 551 4238 Cum
573 4173 726 4255 Pompeio
745 4171 778 4234 in
800 4168 977 4250 Campania
1000 4167 1209 4232 commoranti
1231 4182 1417 4246 congressus

510 4279 619 4366 est⁸⁶).
