3220 4946
401 562 460 647 45)
482 565 520 630 cf.
536 563 610 630 ibid.
632 563 683 647 §t
698 570 730 632 et
751 567 780 630 3.

401 695 843 782 fflfflfflmmm

400 827 454 909 47)
475 827 612 892 Excusat
641 845 675 891 se
695 827 803 894 Cicero
835 831 900 912 (sep.
922 829 964 894 ad
986 830 1061 895 lam.
1084 829 1121 908 V,
1143 831 1196 904 20)
1219 831 1369 898 Mescinio
1392 831 1485 909 Rufo,

323 911 484 996 quaestori
505 929 581 989 suc,
611 913 755 994 querenti
778 932 835 994 per
854 913 990 990 litteras,
1016 913 1101 995 quod
1132 913 1264 980 celerius
1285 915 1426 980 rationes
1446 915 1486 980 ad

321 994 481 1060 aerarium
501 993 663 1058 detulisset
684 993 717 1075 (ἓ
739 995 782 1072 A).
819 995 964 1078 Apparet
985 995 1081 1076 igitur
1103 994 1305 1076 Ciceronem,
1334 997 1487 1082 quoniam

321 1079 459 1142 rationes
481 1077 542 1141 iam
563 1076 595 1140 in
617 1077 741 1140 aerario
760 1077 918 1160 deposuit,
939 1077 982 1142 ad
1002 1077 1115 1142 urbem
1133 1099 1151 1143 e
1172 1080 1334 1161 provincia
1353 1081 1486 1145 venisse.

320 1161 426 1243 Atque
434 1178 500 1242 quo
506 1162 649 1240 tempore
661 1159 795 1241 epistula
804 1161 985 1242 conscripta
992 1163 1050 1237 est,
1065 1177 1139 1226 eum
1151 1161 1193 1226 ad
1199 1163 1313 1228 urbem
1320 1163 1491 1228 etiamtum

320 1243 416 1309 luisse
445 1242 560 1306 docent
587 1242 687 1306 verba
715 1240 792 1324 §92
833 1262 902 1324 ,ego
933 1246 1041 1308 tamen
1073 1262 1147 1307 eum
1178 1244 1299 1309 Tullius
1329 1245 1487 1326 (libertus)

320 1343 416 1392 rure
437 1323 579 1400 redierit,
608 1325 734 1389 mittam
765 1344 837 1389 eum
869 1326 911 1390 ad
935 1328 986 1389 te‘
1036 1325 1188 1408 Sequitur
1208 1331 1245 1392 ut
1265 1347 1314 1410 ep.
1337 1327 1420 1393 inter
1440 1345 1488 1410 pr.

320 1428 396 1474 non.
418 1408 487 1473 Jan.
505 1410 537 1472 et
565 1405 644 1471 XIV.
667 1407 729 1472 kal.
752 1407 842 1472 Febr.
866 1407 1111 1490 (4.-—17.Jan.)
1134 1409 1212 1474 data
1240 1411 1297 1486 sit;
1325 1429 1382 1492 per
1412 1411 1489 1476 illud

321 1493 407 1556 enim
427 1489 578 1572 temporis
598 1489 737 1572 spatium
759 1488 868 1556 Cicero
891 1491 933 1556 ad
955 1491 1068 1556 urbem
1091 1497 1309 1560 commoratus
1330 1497 1384 1558 est.

401 1622 456 1704 la)
487 1622 600 1686 Scribit
625 1619 734 1688 Cicero
762 1623 795 1687 in
831 1645 848 1688 e
875 1675 880 1688 .
907 1624 948 1688 ad
978 1621 1130 1688 Tironem
1158 1621 1246 1700 XVI,
1276 1623 1315 1688 12
1353 1627 1490 1688 exeunte

320 1707 469 1774 ianuario
491 1706 583 1770 data:
607 1706 725 1788 ,itaque
753 1725 826 1772 cum
848 1643 966 1772 Caesar
994 1705 1134 1774 amentia
1155 1706 1297 1788 quadarn
1324 1709 1491 1788 raperetur

321 1793 353 1855 et
373 1787 488 1854 oblitus
511 1789 649 1852 nominis
671 1792 768 1870 atque
787 1789 946 1854 honorum
966 1807 1096 1852 suorum
1111 1787 1292 1854 Ariminum
1307 1787 1489 1868 Pisaurum,

321 1875 488 1938 Anconam
517 1871 679 1936 Arretium
706 1872 939 1954 occupavisset,
972 1871 1086 1937 urbem
1114 1866 1318 1954 reliquimus‘.
1369 1871 1490 1937 Nuntio

321 1957 415 2038 igitur
437 1955 477 2019 de
498 1955 605 2037 primis
623 1953 767 2020 Caesaris
789 1955 883 2020 rebus
904 1955 998 2037 gestis
1020 1953 1116 2018 allato
1135 1953 1324 2035 Pompeiani
1344 1953 1387 2020 ab
1410 1955 1490 2020 urbe

322 2040 542 2104 discesserunt.
594 2037 688 2115 Quod
719 2038 852 2119 quando
881 2039 1007 2102 factum.
1031 2036 1071 2100 sit
1099 2055 1139 2100 ex
1159 2034 1322 2102 Ciceronis
1348 2036 1489 2119 epistulis

322 2120 468 2188 concludi
489 2122 602 2201 potest.
644 2120 771 2201 Legitur
791 2121 875 2185 enim
897 2121 930 2185 in
948 2139 997 2201 ep.
1016 2119 1057 2184 ad
1076 2119 1143 2184 An.
1161 2118 1214 2197 IX,
1233 2119 1282 2198 10,
1308 2118 1327 2202 ξ
1347 2120 1381 2184 42
1411 2123 1492 2198 ,erat

322 2205 417 2288 igitur
441 2203 475 2266 in
501 2221 555 2280 ea,
585 2221 684 2285 quam
712 2201 752 2267 ll.
780 2203 842 2268 kal.
864 2202 954 2266 Febr.
984 2201 1134 2278 dederas,
1169 2200 1230 2266 hoc
1259 2203 1374 2268 modo:
1413 2203 1491 2268 »sed

322 2287 486 2352 rideamus
507 2331 515 2347 .
537 2333 544 2348 .
566 2307 593 2348 .‹
623 2287 686 2351 hoc
707 2285 817 2351 scribis
839 2289 913 2368 post
942 2284 1026 2349 diem
1048 2285 1200 2366 quartum
1224 2301 1324 2367 quam
1345 2285 1388 2349 ab
1410 2285 1491 2350 urhe

323 2369 546 2464 discessimus(
569 2368 646 2464 Erat
667 2369 762 2449 igitur
776 2368 961 2465 ·X,lr.lfehr3
978 2367 1195 2449 dies‘quartus
1211 2371 1286 2448 post
1306 2367 1491 2446 discessum,

322 2450 602 2610 tilttffittl
621 2449 1492 2628 llll?&illidiiiillir“iiiiirdei'pifflt

323 2618 424 2684 ultimi
446 2615 507 2682 diei
529 2616 666 2680 habetur
689 2621 781 2680 ratio.
833 2615 1004 2694 Quaeritur
1026 2614 1393 2693 autem,utrums1mul
1416 2633 1491 2680 cum

322 2699 475 2799 Pompeio
496 2698 605 2796 Cicero
626 2700 668 2762 ab
685 2700 763 2796 urbe
779 2701 938 2795 proiectus
956 2698 996 2762 sit
1017 2716 1128 2795 necne.
1165 2697 1273 2780 Atque
1295 2718 1334 2794 ex
1355 2699 1493 2794 epistula

284 2857 287 2866 «
324 2783 579 2948 alludat
592 2778 1492 2960 lucentulamrturntuunurun

347 2949 450 3027 uisse3
482 2947 557 3012 dicit
587 2947 674 3011 enirn
702 2945 827 3012 Cicero:
861 2948 967 3030 ,idque
992 2950 1115 3022 tecum,
1150 2963 1215 3027 quo
1253 2945 1304 3010 dre
1335 2946 1379 3010 ab
1410 2945 1493 3011 urhe

324 2971 539 3108 discessimuS,
570 3030 694 3094 locutus
715 3033 810 3093 sum‘.
856 3030 980 3094 Tamen
1001 3029 1091 3093 aliter
1111 3046 1179 3092 rem
1201 3047 1235 3092 se
1257 3027 1377 3093 habere
1399 3027 1492 3094 facile

324 3111 535 3182 demonstrari
565 3115 676 3196 potest.
726 3111 808 3177 Nam
837 3111 948 3177 Cicero
978 3111 1045 3193 ipso
1072 3110 1125 3174 illo
1154 3110 1204 3174 die
1233 3129 1299 3193 quo
1329 3111 1493 3193 proiectus

324 3203 372 3265 est
394 3195 480 3262 dedit
501 3195 543 3260 ad
564 3195 709 3261 Atticum
730 3213 778 3278 ep.
801 3193 872 3274 Vll,
897 3197 952 3272 10,
981 3213 1020 3258 ex
1049 3212 1114 3275 qua
1137 3195 1354 3274 cognoscitur,
1385 3195 1492 3276 ipsum

323 3282 425 3348 multo
453 3297 548 3343 mane
578 3279 754 3360 antequam
780 3277 899 3342 luceret
920 3276 1036 3353 exisse,
1067 3274 1231 3340 consilium
1258 3280 1367 3341 autern
1396 3276 1493 3342 relin-

322 3363 472 3514 quendae
491 3360 578 3426 urbis
598 3365 693 3426 autea
714 3360 777 3457 iam
799 3359 1037 3456 aPompeianis
1050 3361 1181 3455 captum
1199 3377 1276 3436 esse,
1298 3377 1404 3443 neque
1423 3359 1492 3424 iarn

323 3459 515 3680 pltat
532 3463 600 3591 ut
621 3439 1492 3608 ttmlt'tnttttttttldtnt‘ldlnttut

349 3614 426 3692 ebn,
447 3611 579 3695 plenum
600 3607 792 3674 formidinis:
816 3609 867 3672 illo
889 3605 958 3692 ipso
979 3606 1029 3671 die
1049 3606 1131 3671 sensi
1152 3606 1229 3690 quid
1247 3611 1372 3688 ageretr
1393 3625 1492 3672 num·

325 3715 423 3780 quarn
453 3694 531 3759 mihi
558 3695 669 3775 postea·
694 3691 814 3773 placuit
845 3709 903 3757 nec
929 3707 1084 3773 umquam
1105 3689 1191 3754 aliud
1214 3705 1253 3753 ex
1274 3689 1337 3754 alio
1358 3705 1492 3772 peccare

324 3778 461 3854 destitit;
484 3775 559 3841 nihil
582 3774 706 3840 interim
729 3775 771 3838 ad
793 3793 845 3838 me
860 3773 1004 3853 scrihere,
1026 3771 1104 3837 nihil
1125 3771 1185 3836 nisi
1203 3771 1235 3836 fu
1259 3789 1311 3837 am
1328 3773 1491 3854 cogitare.⁴

324 3862 480 3946 Equibus
494 3859 599 3924 verbis
618 3876 660 3940 ap
684 3861 752 3922 aret
759 3856 947 3922 Ciceronem
961 3855 1109 3920 ultimum
1131 3874 1204 3920 cum
1217 3854 1371 3938 Pmpeio
1391 3853 1492 3920 collo·

328 3949 437 4011 cutum
460 3961 527 4008 esse
547 3961 577 4006 a.
598 3941 629 4004 d.
695 3941 731 4004 V.
747 3940 777 4004 lr.
791 3939 880 4006 Febr.
918 3934 1010 4018 Quae
1032 3938 1139 4002 omnia
1158 3937 1183 4000 si
1203 3934 1287 4004 recte
1308 3937 1491 4004 considera·

325 4047 407 4106 mus,
427 4027 472 4091 ita
493 4045 543 4090 res
563 4024 734 4090 cohaerere
755 4022 896 4090 videtur:
919 4021 980 4086 ad.
994 4019 1074 4086 XIV.
1083 4021 1113 4085 k.
1127 4016 1218 4084 Febr.
1239 4018 1294 4101 (=
1313 4021 1362 4086 17.
1376 4019 1491 4102 Febr),

325 4109 444 4178 nuntiis
473 4106 530 4172 illis
555 4106 595 4172 de
617 4105 751 4172 Caesare
773 4104 892 4183 allatis,
919 4123 940 4171 a
961 4103 1114 4185 Pompeio
1132 4101 1292 4168 senatorio
1354 4123 1394 4169 ue
1412 4122 1493 4169 con·

323 4195 432 4264 silium
464 4189 692 4272 relinquendae
726 4188 813 4254 urbis
842 4190 974 4270 captum
1001 4189 1064 4263 est;
1104 4185 1172 4269 ipse
1197 4179 1307 4250 Cicero
1361 4185 1489 4270 ompeio
